3104 4958
395 633 429 682 ⁹28
669 623 854 676 latitaturum
871 621 1054 672 uflulst‘ttn't.

393 777 494 871 qulam
520 769 660 844 Palatini
685 767 808 840 codicis
832 767 996 851 collectio,
1025 779 1136 838 tamen
1166 789 1228 837 rios
1259 789 1329 837 raon

395 941 514 1016 parum
536 917 590 990 illa
613 907 712 988 docet
731 916 765 986 in
792 937 829 986 re
847 911 894 986 ‹lc'
905 918 971 1010 quai
990 911 1221 1010 disquirimus.
1251 913 1349 986 Nou·

396 1066 565 1138 fortuitam
593 1063 683 1136 enim
719 1062 807 1134 inter
828 1061 900 1132 illas
927 1059 1181 1132 similitudinem
1206 1059 1332 1158 deprc-

396 1209 544 1284 liemlerc
572 1197 697 1293 licebit,
731 1211 758 1279 si
790 1231 862 1297 rem
890 1207 989 1304 parilii
1022 1205 1182 1281 attentius
1209 1207 1333 1278 coirsi-

320 1399 324 1409 ·
394 1361 566 1433 daremus,

444 1504 565 1578 Ollaria
580 1489 722 1576 loannis
740 1472 959 1574 Grammatici
972 1501 1082 1574 Geumi
1098 1504 1233 1574 recitata
1250 1517 1336 1574 suut

395 1658 431 1728 in
455 1655 510 1727 ilie
530 1677 683 1726 rosarum
707 1632 746 1726 ἐν’
762 1667 797 1748 τῇ
819 1659 915 1752 ἡμέρᾳ
942 1668 1000 1726 τῶν
1025 1656 1136 1749 ῥόδων,
1166 1665 1204 1724 ut
1229 1651 1335 1724 verba

398 1801 506 1898 ipsius
529 1797 617 1870 tituli
636 1823 797 1897 usurpem
820 1823 828 1870 :
850 1797 986 1896 Georgii
1007 1797 1117 1870 cidem
1140 1797 1207 1871 diei
1228 1799 1338 1872 desti-

398 1962 474 2017 nata
489 1945 637 2019 carmina
651 1945 699 2017 sic
717 1945 912 2042 inscripta:
939 1954 966 2016 τί
989 1957 1062 2016 εἴποι
1086 1949 1100 2015 ὁ
1124 1934 1338 2017 Ᾰπόλλωοποῡ

396 2081 514 2193 liptanas
530 2070 684 2192 στέφοοτος
698 2099 789 2165 αὑτοῦ
808 2101 846 2164 τὰ
860 2097 931 2176 τόξα
947 2099 1005 2166 ἀπὸ
1021 2097 1132 2192 δάφνης
1148 2102 1198 2164 καὶ
1213 2097 1330 2193 polan·

397 2250 425 2312 τί
440 2255 515 2313 εἴποι
537 2250 555 2320 ἡ
579 2231 728 2338 Ᾰφροδίτπ
752 2259 802 2321 τῆς
826 2227 940 2323 aleam
960 2251 1142 2339 φυτευσάοης
1160 2248 1262 2313 ἐλαίαν
1282 2250 1335 2311 καὶ

398 2391 567 2467 ἀνελθόντος
588 2377 700 2476 iocos,
721 2395 749 2456 τί
769 2392 841 2458 εἴποι
866 2371 980 2484 illene
999 2403 1049 2470 τῆς
1070 2376 1230 2484 Α’φροδῖτκς
1252 2417 1337 2482 τρω-

398 2507 495 2630 Θεΐοης
510 2541 569 2605 ἀπὸ
586 2518 715 2615 &eduens
726 2535 835 2630 ῥόδου.-

448 2681 527 2752 Hacc
542 2677 653 2749 omnia
668 2677 890 2775 comprobant
903 2679 967 2752 lroc
979 2678 1012 2750 in
1029 2691 1181 2777 tempore
1193 2679 1339 2754 multam

399 2825 504 2898 luisse
521 2823 651 2921 poesim
666 2823 700 2896 in
721 2823 919 2898 celebranda
940 2827 1213 2924 rosaceumque
1234 2826 1339 2900 nobis

400 2975 434 3044 in
461 2971 657 3044 memoriam
685 2987 843 3046 revocant
869 2973 932 3046 lias
959 2997 1078 3048 omnes
1102 2969 1340 3048 cantiunculas

401 3143 477 3216 quae
493 3119 528 3192 in
547 3121 790 3193 anacreonticis
820 3133 936 3216 terque
957 3132 1142 3218 quaterque
1160 3118 1268 3192 obviae
1288 3120 1341 3192 le-

402 3263 563 3365 gentibus
583 3265 785 3340 offeruntur.
812 3265 971 3338 Carmine
995 3265 1029 3337 iu
1043 3264 1341 3363 quinquagesimo

403 3411 502 3485 tertio
518 3435 594 3484 rosa
609 3411 738 3509 prolixe
750 3412 947 3485 decantatur
961 3437 969 3482 :
985 3413 1019 3483 in
1033 3435 1105 3484 eaor
1122 3389 1237 3483 laudes
1248 3433 1343 3506 quai-

402 3556 485 3630 lihet
497 3558 571 3630 sine
587 3557 700 3638 modo,
720 3557 794 3630 sine
807 3557 926 3630 ordine
940 3557 1065 3654 quibus
1079 3557 1192 3629 extolli
1207 3567 1342 3652 poterat

405 3703 468 3776 llos
483 3701 626 3777 dilectus
641 3703 686 3774 illi
710 3705 798 3776 aetati
820 3705 1038 3778 accumulavit
1059 3715 1169 3801 pocta.
1185 3702 1341 3774 Primum

405 3863 443 3920 ut
461 3849 584 3923 sodalis
599 3850 733 3945 adjuvet
752 3865 858 3926 vatem
880 3853 912 3924 iu
931 3857 1006 3924 rosal
1022 3850 1220 3925 celebrandi
1236 3849 1342 3922 invo-
