3104 4958
351 604 391 654 llll
409 600 616 664 tnrtoutrtru
633 597 794 650 GdlllllllUbl
812 597 1121 650 tnuuuuonrtoonutt.
1171 598 1203 647 37

273 775 350 825 rum
384 773 534 825 creseere
570 749 776 821 imitatorum
821 769 991 820 sacrorum
1029 745 1199 820 debuisse.

319 899 386 972 Sed
415 899 554 998 longum
581 899 636 972 bis
658 895 882 971 imitatoribus
911 897 1044 971 vesanis
1069 909 1204 998 tempus

272 1071 342 1120 uon
368 1045 549 1146 superabat
575 1069 584 1116 ε
610 1047 678 1142 jaim
706 1044 824 1118 Turcae
850 1043 1086 1130 imminebant,
1114 1044 1203 1117 dies-

268 1219 336 1292 que
351 1194 454 1268 rebus
471 1193 669 1292 Byzantinis
686 1193 793 1266 fatalis
810 1193 917 1290 magis
939 1217 976 1266 ac
999 1194 1104 1290 magis
1127 1217 1203 1290 pro·

270 1342 467 1440 pioquabat.
492 1343 532 1414 Vi
560 1341 696 1414 tandem
724 1351 859 1438 captum
888 1341 1088 1438 Byzantium
1113 1342 1203 1416 occi-

270 1490 332 1564 dit.

318 1633 447 1708 Saeculo
464 1633 633 1731 sequenti,
651 1633 858 1718 annotatt,
877 1631 1201 1730 HenricusStopha-

270 1806 348 1866 nus,
366 1807 434 1854 non
452 1783 526 1855 sine
545 1787 652 1880 graeca
670 1781 877 1879 praefatione,
893 1781 1067 1878 alloquens
1081 1781 1200 1854 Musa-

268 1954 343 2002 rum
366 1930 551 2014 studiosos
574 1931 720 2026 primiun
746 1915 866 2002 edebat
885 1929 1107 2002 Anacreontis
1128 1929 1199 2004 Teii

266 2079 426 2163 carmine,
443 2078 600 2150 versione
615 2077 717 2149 latina
732 2076 906 2164 adornata,
920 2079 1070 2165 Parisiis,
1089 2079 1195 2152 in-l⁰.

264 2225 351 2297 Cum
366 2230 444 2300 verb
465 2227 516 2299 vir
534 2225 753 2300 doctissimus
770 2225 987 2324 profiteretur
1006 2250 1043 2298 se
1063 2225 1198 2298 duobus

265 2373 504 2472 manuscriptis
518 2397 618 2446 usum
638 2399 727 2460 esse,
744 2399 890 2472 quorum
909 2399 1014 2448 unum
1031 2376 1066 2446 in
1082 2375 1195 2446 charta

264 2520 420 2605 corticea,
436 2521 577 2594 alterum
603 2521 637 2593 in
663 2519 869 2594 membranis
890 2521 1056 2620 scriptum
1072 2521 1193 2607 fuerat,

263 2690 373 2764 neque
384 2668 439 2740 illa
453 2669 564 2765 qualia
577 2679 705 2754 essent,
721 2693 783 2741 uec
802 2669 892 2742 unde
913 2670 946 2741 in
965 2693 1061 2742 suam
1075 2683 1196 2768 potes-

264 2827 365 2888 tatem
381 2817 569 2904 venissent,
586 2819 782 2906 declararet,
799 2831 838 2892 ut
855 2819 940 2892 lides
956 2843 1026 2892 suae
1044 2819 1198 2915 antiqui-

262 2966 338 3036 tatis
355 2966 452 3038 novis
469 2966 676 3040 carminibus
697 2967 927 3054 adhiberetur,
945 2968 1081 3064 plurimi
1100 2968 1197 3042 litte-

260 3138 373 3188 rarum
411 3118 625 3213 antiquarum
660 3119 695 3190 in
732 3119 794 3192 hac
824 3117 1064 3192 litteratissimi
1098 3129 1195 3190 aetate

260 3264 393 3374 patroni
419 3263 583 3337 editorem
611 3265 884 3364 interpellavere,
917 3278 954 3338 ut
981 3278 1062 3338 tune
1092 3267 1195 3338 moris

258 3421 342 3495 erat,
360 3411 670 3508 dubitaveruntque
690 3412 892 3486 fictitiumne
905 3438 992 3511 opus
1009 3438 1051 3486 ex
1068 3414 1195 3486 indus-

259 3559 320 3632 tria
337 3559 533 3658 Stephanus
556 3583 617 3657 pro
639 3561 778 3657 antiquo
795 3561 924 3646 ederet,
948 3585 990 3633 an
1005 3565 1083 3634 verb
1100 3560 1194 3632 anti—

257 3725 379 3797 quum.

306 3849 344 3920 lu
361 3849 590 3947 disputatione
616 3852 657 3926 de
677 3862 747 3924 arte
765 3851 836 3926 sive
855 3853 985 3926 ratione
1004 3853 1195 3952 corrigendi
