3104 4958
376 631 409 679 88
661 623 830 674 condrusto
849 623 886 672 AC
904 621 1030 673 tunsus,

379 779 450 850 buit
467 773 866 874 genus-anacreonticum
881 788 1043 867 vetusque
1060 773 1232 846 Anacreon
1249 799 1309 846 seu

378 937 515 1021 propter
543 922 776 1019 profanorum,
803 945 861 993 scu
888 932 1025 1016 propter
1049 921 1308 994 christianorum

352 1059 356 1068 ’
378 1071 580 1142 imitatorum
599 1066 865 1140 multitudinem.

425 1214 461 1286 2⁰
478 1213 615 1286 Nullum
632 1216 708 1284 vert
722 1211 924 1284 Anacreonti
941 1209 1101 1306 assignari
1122 1224 1233 1307 potest
1246 1212 1309 1283 bo-

376 1385 450 1432 rum
481 1383 556 1456 quac
579 1357 861 1430 circumferuntur
888 1355 1097 1439 odariorum;
1132 1381 1192 1430 nec
1217 1359 1308 1430 eninr

376 1507 485 1604 colligi
505 1505 605 1580 debet
621 1529 663 1578 ex
680 1527 719 1576 eo
740 1503 829 1600 quod
852 1503 999 1576 melioris
1019 1509 1106 1576 notae
1129 1517 1210 1576 sunt
1234 1527 1309 1578 car-

375 1653 478 1736 mina,
494 1676 531 1724 ea
546 1649 588 1724 ab
604 1653 678 1748 ipso
694 1651 904 1723 Anacreonte
921 1651 1105 1748 composita
1119 1675 1212 1736 esse;
1231 1678 1308 1726 narn

376 1799 402 1870 si
425 1799 523 1872 docte
547 1798 667 1870 imitari
691 1797 808 1870 Teium
835 1809 967 1892 poetam
990 1804 1131 1894 potuere
1153 1799 1308 1870 nonnulli

375 1958 495 2041 poetae,
507 1969 567 2016 cur
578 1967 645 2016 non
660 1943 919 2041 illumperverse
934 1941 1029 2016 multi
1043 1944 1309 2016 imitatiessent?

423 2089 460 2160 5⁰
475 2085 675 2160 Odariorum
691 2087 843 2160 collectio
860 2099 970 2158 tamen
984 2087 1083 2159 nobis
1099 2087 1238 2160 fortasse
1253 2111 1306 2159 sa-

377 2233 420 2306 tis
445 2233 588 2306 fideliter
610 2247 851 2330 repraesentare
876 2245 987 2329 potest
1011 2235 1192 2308 convivalia
1217 2235 1307 2306 Ana-

371 2382 518 2456 creontis
544 2382 691 2452 carmina
718 2405 725 2450 :
748 2405 893 2476 uanique
912 2406 949 2454 ea
973 2396 1043 2454 erat
1063 2399 1180 2456 natura
1202 2383 1306 2480 bajus

373 2529 560 2602 carminum
584 2527 740 2622 generis,
769 2541 806 2598 ut
829 2528 1016 2600 rarissimas
1043 2527 1092 2600 vel
1119 2553 1230 2602 rerum
1256 2531 1306 2600 vel

373 2675 617 2746 sententiarum
638 2675 841 2752 mutationes
860 2675 989 2771 perpeti
1003 2675 1169 2750 debuerit.

423 2821 458 2892 4⁰
476 2821 551 2892 Non
567 2847 667 2894 unmu
683 2823 833 2896 canadam
847 2823 989 2896 divorsis
1003 2824 1207 2896 carminibus
1222 2839 1308 2896 aeta—

373 2983 438 3042 tem
458 2970 628 3066 assignarc
645 2971 737 3050 licet:
758 2973 811 3044 bis
826 2972 906 3044 satis
922 2986 1017 3044 vetus
1033 2972 1140 3066 origo,
1159 2972 1212 3043 bis
1227 2999 1307 3044 con-

372 3119 700 3190 mwfflmm

355 3230 359 3238 .
420 3265 456 3336 5⁰
483 3253 699 3362 Antiquiores
724 3265 860 3361 quidem
887 3266 1061 3339 cantilenae
1084 3291 1143 3338 seu
1169 3283 1307 3364 propter

373 3413 478 3510 ipsam
493 3412 716 3509 simplicitatis
732 3411 991 3495 allectationern,
1008 3435 1066 3483 seu
1082 3427 1220 3509 propter
1235 3413 1307 3486 bel-

372 3563 477 3636 lulum
505 3563 619 3636 nescio
648 3559 727 3658 quid
757 3573 789 3633 et
822 3559 1037 3634 delicatulurn
1072 3562 1307 3636 Alexandrinae

370 3711 459 3781 aetati
488 3709 567 3780 mibi
600 3707 821 3781 attribuendae
848 3705 1017 3790 videntur,
1053 3707 1205 3804 circique
1239 3711 1307 3780 veri

373 3859 594 3932 Anacreontis
611 3859 829 3932 imitationem
845 3869 1035 3966 versuumn
