3104 4958
511 611 680 662 CONCLUSIO
699 611 738 660 AC
756 611 882 661 THESES.
1130 612 1163 662 89

281 764 317 836 θ’·
346 763 490 834 Plurima
521 762 642 832 hornnr
674 759 864 832 odariorunr
894 763 912 829 d
940 769 1058 855 quon
1087 772 1164 854 post

233 909 406 982 Christum
423 921 539 980 natnnr
557 907 679 980 saeonlo
698 906 860 1003 usquead
877 906 1058 1002 septimum
1076 927 1165 976 eorn-

234 1057 341 1152 posita
362 1054 453 1126 luere
472 1080 479 1123 :
498 1077 559 1126 nec
583 1053 636 1127 his
656 1053 751 1126 deest
775 1077 835 1124 sne
854 1053 1061 1148 jncunditas,
1083 1077 1166 1124 snus

235 1201 347 1296 lepos,
374 1223 474 1296 quern
499 1197 638 1271 reddere
664 1198 773 1270 eonati
798 1211 877 1270 sunt
906 1198 1165 1269 christianorum

236 1359 411 1444 poetarum
429 1347 560 1441 hymni.

284 1499 320 1561 '.⁰
334 1493 407 1564 Atia
427 1517 495 1565 non
513 1496 581 1588 jorn
603 1493 710 1590 ipsius
726 1493 960 1577 Anacreontis,
979 1493 1038 1564 sed
1059 1493 1169 1564 imito-

238 1645 366 1714 tionnm
384 1643 691 1716 anacreonticarun
713 1642 931 1724 imitamento,
951 1663 1009 1712 seu
1032 1651 1170 1738 proptor

238 1792 333 1864 metri
349 1791 529 1874 inscitiam,
547 1814 606 1862 sen
624 1801 763 1886 propter
777 1789 876 1862 verbe
894 1787 1086 1860 christianis
1104 1811 1170 1885 pe-

238 1937 370 2010 enliaria
396 1951 512 2012 octavo
537 1937 587 2010 vel
608 1961 699 2010 nono
725 1938 848 2010 saeonlo
872 1938 991 2008 rneritd
1014 1936 1172 2032 assigna-

240 2089 379 2162 turtur.

288 2236 325 2306 8⁰
338 2233 520 2319 Nonnulla,
534 2259 610 2329 queo
623 2223 830 2307 constanter
846 2235 989 2330 politicis
1004 2231 1172 2324 versibus,

242 2387 291 2458 vel
307 2386 465 2457 seriorem
479 2385 644 2482 originem
662 2383 726 2454 sibi
742 2383 926 2455 vindicent.

792 2586 804 2604 .

404 2661 407 2668 .
487 2633 925 2668 ----—‹;oe›---

314 2881 388 2929 nuarr
402 2881 541 2929 Sribebmn.

348 3097 408 3146 vlo}
429 3097 467 3144 nc
485 3094 633 3150 Pnnnnffl,

463 3180 570 3230 Lutetiae
585 3179 744 3240 Parisiorum,
757 3179 782 3228 in
797 3180 918 3238 Sorbona‚
934 3180 998 3242 prid.
1011 3193 1070 3230 non.
1087 3188 1160 3230 mart.

659 3259 718 3296 ann.
734 3261 751 3296 ι
765 3259 824 3296 noco
838 3260 922 3296 xnvnr.

423 3317 558 3385 Facultatts
568 3316 720 3366 Litterarum
733 3316 759 3366 in
774 3314 900 3364 noadernta
914 3313 1046 3364 parisiensi
1060 3315 1178 3366 decanus.

817 3406 838 3455 J.
856 3406 923 3456 Vror.
940 3405 978 3454 LE
997 3403 1105 3456 CLERG.
1133 3431 1138 3438 ·

318 3630 391 3693 'lypis
403 3627 544 3678 Mendotur.

437 3721 624 3782 nonssnntn,

396 3789 491 3831 ltertoris
509 3790 566 3834 vices
586 3801 665 3844 gerens.
