3104 4958
498 667 676 720 matutino
693 672 723 719 tx
744 673 845 724 isarna:
863 675 992 723 tatinum.
1071 663 1074 672 '
1181 675 1213 721 rto

279 817 409 890 Tadii:
430 817 650 889 Anacreontis
671 815 806 913 qrridem
831 831 898 892 tota
920 821 1032 917 poesis
1053 834 1104 892 est
1118 845 1213 892 arria-

281 961 377 1034 toria.

331 1107 477 1180 Plurima
500 1107 636 1205 quidem
658 1109 843 1206 fragmenta
859 1107 1004 1181 Tullium
1029 1113 1105 1182 vere
1125 1111 1215 1182 ioru-

194 1245 197 1250 ’
282 1270 355 1328 tum
376 1281 452 1329 usse
474 1255 700 1328 rontirmant:
729 1239 775 1328 in·
784 1259 1014 1329 anacreonteis
1039 1262 1117 1330 vero
1133 1283 1217 1354 [tau-

282 1405 371 1475 eiora
381 1408 565 1500 suntquarn
575 1405 607 1476 in
621 1405 701 1477 solis
712 1404 908 1502 fragmentis
919 1405 1041 1477 erotica
1054 1407 1214 1488 turatino,

281 1566 316 1622 rt
331 1565 412 1624 tuno
427 1553 550 1623 amoris
563 1552 673 1648 imago
687 1551 910 1624 dissimillima
920 1564 982 1624 est.

334 1696 436 1766 Multa
462 1708 572 1767 tamen
602 1696 634 1765 in
661 1695 873 1798 taudesnui
902 1707 935 1766 et
961 1717 1074 1765 rerum
1092 1693 1217 1789 quibus

283 1843 487 1915 exhilaratur
509 1844 575 1916 vita
591 1868 665 1915 sese
685 1843 755 1916 Teii
783 1843 874 1914 senis
896 1839 1116 1914 effundebant
1131 1841 1217 1913 oda-

285 1996 345 2067 ria.
368 1993 520 2068 Meminit
541 1995 634 2067 enim
656 1993 781 2066 Suidas
801 1995 1037 2092 paraeniomm.
1066 1995 1217 2067 Athenaei

286 2144 467 2216 darissima
481 2156 560 2216 sunt
575 2143 731 2218 vertat:
757 2152 772 2215 ὁ
795 2135 955 2242 daunino
975 2153 989 2214 ὁ
1006 2161 1104 2216 πᾶσαν
1130 2150 1219 2216 αὐτοῦ

285 2302 337 2369 τὴν
349 2303 464 2370 ποίησιν
476 2297 632 2390 ἐξερτήσας
644 2300 755 2386 pedm
773 2291 853 2364 hine
870 2291 962 2363 faoii'o
977 2293 1218 2365 concludemus

285 2439 379 2511 idum
403 2440 570 2538 permulta
596 2441 828 2536 composuisse
856 2440 1038 2512 convivalia
1071 2440 1217 2512 earmina

287 2587 467 2684 studiaque,
482 2611 558 2683 quae
572 2585 707 2683 quidem
725 2585 976 2682 simpiirissima
989 2599 1098 2668 erant,
1121 2599 1219 2682 atque

287 2735 520 2832 antiquitatem
538 2759 631 2806 suam
650 2733 846 2808 redolebant
866 2731 892 2806 si
915 2733 1051 2812 credere
1076 2733 1219 2830 dignum

288 2895 340 2958 est
357 2884 574 2982 Aristophani
592 2886 624 2955 in
639 2884 908 2957 Convivautibus
922 2883 1096 2956 scribenti.

339 3041 427 3106 Αἶσον
443 3037 480 3112 δὴ
497 3065 546 3128 μοι
561 3039 676 3130 σκόῇιόν
694 3065 721 3104 τι
736 3039 836 3104 λαὸὼν
851 3025 981 3114 ditantes
996 3041 1218 3130 κανακρέοντος.

290 3182 604 3254 Animadvertamus
630 3183 663 3251 in
689 3181 781 3253 sooiii
803 3180 1076 3254 denominatione
1100 3195 1222 3252 tortam

291 3332 392 3404 latere
411 3329 692 3426 significationem
716 3329 900 3425 antiquam,
923 3328 1008 3400 eirea
1022 3351 1121 3424 qrram
1139 3326 1223 3396 rnul-

292 3485 363 3554 tum
390 3505 464 3554 sese
491 3479 714 3578 protuderunt
736 3481 911 3552 doctorum
938 3479 1085 3550 virorum
1110 3477 1223 3546 elneu-

292 3629 475 3712 bratioues,
508 3630 740 3724 irnprirnisuue
766 3629 914 3724 ligonius
943 3629 975 3696 in
1008 3624 1224 3720 disquisitio,-

294 3775 394 3846 nibus
408 3776 448 3846 de
468 3776 586 3846 sooiirri
601 3775 708 3871 potrsi.

329 3901 335 3930 ¹
357 3903 448 3952 dtiren.
464 3902 492 3960 Χ,
507 3902 530 3948 7.
