3104 4958
455 587 631 638 assultatio
650 587 679 636 ΙΝ
699 588 803 638 ΒΒΕνΕ
818 589 945 638 ΟΟΑΟΤΑ.
1136 591 1168 638 83

240 751 397 821 metrum,
419 763 501 811 suus
524 739 689 836 pecularis
709 748 778 808 erat
795 760 924 822 versus,
945 760 1045 832 quem
1064 737 1168 810 relin-

238 910 341 982 quere
355 908 421 958 non
438 897 568 982 poterat
581 897 679 982 poeta
692 885 758 956 nisi
776 885 910 958 meliora
924 883 1083 958 allaturus
1114 884 1169 958 Sic

241 1031 282 1104 ad
295 1032 382 1106 hane
393 1029 632 1129 perfectionem
648 1031 795 1118 limatam
808 1044 841 1104 et
854 1031 1039 1104 absolutam
1054 1053 1172 1126 perve-

243 1179 381 1254 niebant
392 1183 459 1274 qua
471 1201 529 1250 eos
546 1201 620 1250 esse
637 1178 808 1250 miramur.

292 1323 417 1398 Verium
431 1325 496 1399 hoe
510 1347 682 1398 summum
697 1325 874 1401 artificium
888 1327 1068 1424 plerosque
1082 1325 1173 1400 sesel-

243 1473 313 1568 lic:
337 1477 481 1564 eumque
503 1474 608 1546 nitida
627 1474 769 1571 quadam
795 1473 1009 1570 simplicitate
1034 1475 1169 1556 lateret,
1282 1527 1292 1552 .

244 1618 322 1692 inde
338 1617 461 1692 sactum
477 1631 527 1694 est
543 1631 582 1692 ut
597 1620 679 1694 adeo
699 1645 803 1717 pecus
819 1621 1022 1693 imitatorum
1040 1643 1174 1693 succre-

244 1765 341 1836 verit.
358 1763 584 1840 Crediderunt
599 1767 750 1862 plerique
765 1765 969 1884 se'facillime
985 1789 1086 1862 posse
1102 1765 1182 1838 illos·

246 1909 351 1983 lelieis
370 1911 574 1984 curiositatis
597 1934 748 1984 summos
767 1912 900 2009 lepores
919 1913 1067 2008 assequi,
1089 1935 1175 2010 quos

247 2078 309 2129 neo
324 2055 422 2154 plane
437 2055 681 2154 intelligebant,
696 2081 759 2130 nec
771 2057 852 2130 satis
868 2057 1059 2132 sentiebant
1073 2083 1081 2129 :
1097 2057 1176 2130 inde

247 2213 314 2274 tam
334 2201 430 2274 multi
448 2225 485 2274 se
506 2201 546 2274 ad
562 2201 652 2294 illius
670 2202 890 2276 imitationem
908 2204 1094 2290 contulere,
1110 2217 1175 2277 tam
1231 2237 1234 2244 ·

247 2351 345 2448 pauci
372 2350 473 2446 longo
498 2351 547 2422 vel
572 2339 763 2434 intervallo,
789 2352 933 2447 proximi
958 2375 1033 2426 esse
1057 2366 1178 2448 potue-

249 2509 340 2570 runt.
414 2521 418 2528 '

297 2643 395 2730 Quod
411 2645 439 2715 si
454 2643 706 2716 Anacreonticae
723 2644 797 2714 istae
813 2643 1017 2716 imitationes
1035 2655 1085 2714 tot
1102 2643 1180 2714 edi—

251 2805 340 2866 tores
351 2805 456 2864 naetae
468 2803 562 2874 sunt,
577 2789 681 2886 hujus
696 2789 819 2864 lavoris
829 2789 920 2864 nulla
931 2790 1054 2864 estalia
1066 2813 1177 2872 eausa,

251 2962 304 3010 me
325 2937 456 3034 judice,
478 2937 543 3008 nisi
565 2935 654 3032 quod
678 2942 800 3010 sensus
821 2938 1035 3035 simplicitas,
1062 2950 1096 3009 et
1116 2938 1181 3008 cir-

250 3082 467 3179 cumscriptio
486 3079 682 3154 brevissima
700 3081 892 3156 odariorum
912 3083 1039 3180 peritos
1057 3105 1181 3180 graeca·

251 3254 325 3302 rum
340 3229 524 3304 litterarum
540 3227 782 3326 imperitosque
795 3230 918 3303 allexit.
