3104 4958
341 600 379 648 nu
398 597 604 657 tumultuare:
622 595 782 646 talltlllntln
802 593 1112 644 annultsson'llculssln.
1156 595 1183 642 61

262 747 294 816 iu
318 751 575 829 anacreontem,
599 771 658 817 nec
681 759 794 816 carent
818 745 879 816 haic
902 741 1021 816 menda
1043 743 1188 814 carmina

266 895 321 978 15,
338 891 399 977 28,
417 892 478 976 56,
496 892 557 972 64,
574 891 633 962 66.

310 1042 346 1110 δ”
365 1037 486 1110 llultas
504 1038 585 1110 odas
602 1037 697 1108 metri
721 1037 865 1133 pravitas
885 1035 1081 1140 pessundat,
1103 1037 1189 1108 intra

263 1209 345 1280 quas
362 1183 518 1256 notanda
534 1196 613 1254 sunt
628 1183 664 1265 5,
683 1181 719 1266 6,
738 1181 798 1265 55,
816 1181 876 1264 25,
897 1181 957 1264 56,
972 1181 1034 1270 57,
1050 1181 1112 1266 59,
1129 1182 1190 1267 54,

264 1327 323 1411 56,
340 1327 400 1410 59,
419 1325 479 1410 55,
500 1349 641 1422 quarum
665 1325 698 1394 in
722 1323 892 1396 nonnullis
907 1325 1006 1397 etiam
1026 1325 1208 1424 trochaica,

265 1477 435 1548 anarmsis
450 1487 565 1547 contra
580 1497 680 1545 usum
696 1471 897 1544 Anacreonti
912 1473 1097 1546 solemnem
1111 1476 1194 1572 pln-

265 1623 330 1693 ries
346 1621 478 1718 legitur.

315 1771 350 1841 4ο
366 1769 535 1876 annulla
554 1769 665 1840 odaria
684 1769 872 1864 argumenti
886 1767 1031 1866 pcssima
1046 1770 1195 1840 tractatio

268 1924 442 1996 manifesti)
463 1923 543 1998 Teio
562 1937 670 2020 poetae
688 1903 798 1995 aufert
816 1924 864 1994 sie
883 1921 944 2006 56,
967 1921 1028 2005 55,
1051 1921 1112 2008 55,
1126 1923 1193 2004 56,

266 2073 325 2155 57,
345 2073 403 2154 44,
424 2071 483 2153 45,
501 2072 561 2156 46,
579 2070 638 2154 47,
660 2069 720 2153 48,
736 2068 797 2152 66,
813 2069 873 2154 52,
889 2069 948 2140 64.

316 2217 383 2288 llas
395 2217 647 2288 Anacreonticae
662 2215 840 2312 quaetionis
856 2216 945 2286 vices
962 2215 1095 2310 excepit
1104 2215 1199 2286 Wie-

268 2359 455 2434 lemannus
479 2362 512 2430 in
535 2359 779 2456 quaestionibus
798 2359 839 2432 de
860 2341 1057 2456 antiquitate
1079 2361 1198 2431 carmi-

270 2533 350 2580 num
373 2511 692 2582 Anacreonticorum
715 2508 810 2580 4845
829 2507 1102 2603 St-Petersbnrgi
1124 2532 1199 2603 quae

268 2653 402 2750 (paridem
422 2654 540 2750 primae
559 2653 816 2750 programmatis
831 2654 914 2749 parti
931 2653 1054 2724 sclrolae
1069 2651 1201 2724 Sanctae
1222 2665 1230 2684 ⁹

270 2804 376 2872 Annae
385 2799 628 2897 adjunguntur.
640 2799 816 2872 llleautem
829 2823 960 2872 necnon
974 2799 1126 2872 Starkius
1139 2800 1201 2872 etsi

270 2951 421 3020 omnium
443 2947 615 3020 laboribus
637 2949 688 3020 usi
710 2950 795 3033 sint,
818 2948 934 3021 eadem
954 2961 1053 3045 atque
1072 2949 1202 3046 priores

271 3095 490 3178 concludunt,
506 3095 689 3192 eademque
704 3095 855 3194 referunt
866 3109 1076 3192 argumenta,
1093 3117 1201 3192 quan-

270 3267 369 3338 quam
382 3269 422 3316 ex
436 3245 490 3318 his
504 3267 589 3316 nova
604 3243 756 3316 facillime
771 3245 902 3340 possint
918 3239 1039 3341 colligi.

320 3389 403 3473 Quae
418 3411 610 3484 quanquam
627 3389 707 3459 mihi
723 3390 918 3484 gravissima
930 3389 1119 3468 videantur.
1137 3388 1199 3461 etsi

274 3559 339 3606 non
349 3533 491 3606 multllm
506 3533 718 3606 valeantsine
731 3534 1082 3608 textusrlnacreontici
1098 3534 1202 3606 histo·

273 3677 1202 3778 maiaminbreviirsooactaegoqualiasintenarrarevolo

274 3841 450 3923 antequam
466 3828 539 3924 ipse
557 3825 791 3900 conclusiones
812 3851 903 3901 meas
921 3825 1054 3898 alsenam
1074 3840 1106 3898 et
1127 3827 1201 3898 lon·
