3104 4958
438 635 614 686 Butuntum
633 636 662 684 ΙΝ
683 635 782 685 uuut't
801 635 929 682 mittunt.
1123 635 1155 680 75

218 787 333 858 omniu
352 787 394 857 in
414 797 494 857 sunt
515 785 664 868 inventa,
690 784 732 854 iu
754 783 916 879 disposita
938 794 972 852 ut
994 781 1154 854 omuibus

189 970 192 976 ·
217 929 315 1014 loeis,
332 927 490 1002 omnibus
517 928 738 1026 temporibus
763 909 921 1001 omnibus
942 929 1152 1014 hominihus,

217 1075 278 1170 qui
307 1074 389 1146 nihil
411 1087 529 1146 curant
552 1075 615 1146 nisi
639 1088 675 1146 ut
697 1073 907 1146 delectentur
925 1074 1154 1170 voluptatibus

219 1222 453 1293 eonvenientia
471 1223 552 1306 sint,
578 1221 676 1293 modo
697 1245 824 1316 graecos
845 1245 954 1292 mores
978 1222 1076 1292 nobis
1093 1245 1153 1293 re-

220 1377 475 1464 praesentemus

269 1513 394 1585 Eadem
422 1515 719 1586 animadvertenda
737 1528 789 1586 est
813 1514 1036 1610 discrepantia
1067 1515 1153 1586 inter

217 1661 363 1756 paraenia
396 1663 617 1734 Anacreontis
636 1675 669 1733 et
688 1662 929 1736 Anacreontion
958 1662 1094 1734 odaria:
1118 1663 1151 1732 in

217 1809 330 1902 prisco
367 1809 577 1880 Anacreonte
610 1809 727 1881 mortis
770 1823 879 1880 metus
910 1811 999 1880 inter
1033 1809 1151 1905 poeula

215 1975 333 2024 senem
361 1953 399 2024 ad
429 1955 595 2026 tristiores
625 1967 744 2026 cantus
771 1967 960 2051 provocat:
991 1955 1024 2025 in
1054 1955 1152 2026 noris

214 2112 329 2170 :tutem
346 2123 435 2174 mors
461 2125 529 2172 non
559 2102 712 2174 timorem
738 2100 852 2182 alteru
876 2102 942 2172 imo
969 2101 1089 2172 laetitiae
1114 2100 1151 2172 fit

213 2245 496 2318 incitamentum:
524 2247 618 2320 facile
639 2271 822 2344 agnose-ere
846 2260 898 2322 est
922 2249 1002 2320 hino
1032 2272 1149 2322 senem

213 2405 450 2486 pavescentem
478 2395 595 2466 mortis
625 2419 681 2466 ora
712 2395 821 2466 modis
850 2395 1006 2492 pallentia
1041 2395 1147 2474 mine,

213 2537 295 2610 inde
303 2540 445 2635 juvenes
465 2541 576 2614 ebrios
597 2566 638 2614 ex
658 2542 903 2638 Epicureorum
923 2539 1150 2635 philosopho-

201 2711 289 2776 ,rum
304 2687 435 2760 officina
455 2689 606 2762 eductos.

264 2831 418 2928 Alioquin
434 2833 583 2907 abundat
595 2837 744 2910 tractatio
756 2837 906 2908 locorum
919 2835 1149 2907 communium

212 2980 255 3100 do
269 2981 405 3065 Amore,
422 2982 463 3054 de
479 2982 739 3079 Computatione
756 3009 764 3054 ι
786 2981 867 3078 quid
884 2979 1038 3078 frigidius
1049 2981 1148 3074 quini

212 3129 285 3200 istae
300 3127 442 3202 infinitae
464 3132 739 3203 enumerationes
761 3129 885 3226 quibus
911 3127 1016 3200 utitur
1034 3141 1170 3224 poeta„

211 3299 270 3348 seu
290 3277 441 3348 rosarum
458 3278 615 3350 mellitam
631 3279 843 3352 dulcedinem
858 3277 1024 3350 celebrare
1039 3289 1149 3348 sumat

210 3449 269 3496 seu
292 3426 450 3498 amasiam
468 3427 636 3501 describat
656 3430 802 3526 pictori:
827 3453 895 3500 uon
916 3429 1020 3499 multo
1043 3427 1149 3521 magis

209 3571 340 3646 Baccho
354 3597 453 3669 quarn
468 3575 572 3647 amori
593 3601 654 3649 suo
668 3575 774 3648 credit
791 3601 843 3672 por
857 3591 899 3648 ta.

258 3720 332 3792 ‘Non
363 3735 473 3794 tanreu
507 3747 620 3796 assero
649 3723 773 3794 nullam
795 3721 1017 3796 cantiunculis
1033 3721 1145 3792 inesse

205 3868 451 3962 juruuditatern
467 3895 475 3940 :
491 3871 571 3955 imo,
590 3872 647 3944 sed
666 3871 769 3942 formai
787 3897 854 3944 non
871 3873 1004 3966 antiqua
1020 3871 1100 3940 satis
1116 3885 1148 3942 ot
