3104 4958
388 597 421 646 82
456 595 625 646 alterumue.
647 595 687 643 ET
704 590 973 642 Geummurtcouuu
993 588 1247 640 uueuueuroutm

388 744 464 814 dem
479 763 658 814 numerum
670 742 881 828 continuare,
897 761 959 810 nec
972 759 1105 836 semper
1116 751 1228 808 tamen
1243 760 1325 833 pera

391 889 665 984 prtuitateutitur
678 911 895 960 numerorum
909 883 1296 982 profluenteacperenni
1313 910 1322 953 :

389 1032 447 1106 sed
462 1055 533 1104 eam
548 1045 582 1104 et
597 1032 774 1128 aequalium
791 1045 824 1103 et
837 1032 1005 1102 variorum
1024 1029 1254 1101 membrorum
1266 1053 1323 1100 ar-

391 1179 635 1274 ticulorumque
656 1177 840 1250 intervallis
865 1176 1100 1248 discriminat:
1122 1175 1324 1246 minutiores

390 1327 478 1420 saepe
497 1323 654 1421 strophas
673 1336 825 1420 usurpat.
848 1321 914 1394 Sed
935 1343 1115 1394 numerum
1135 1319 1323 1415 siquando

391 1469 453 1540 alio
469 1481 592 1588 gprrerc
607 1481 725 1550 nurtat,
744 1467 928 1563 prudenter
944 1467 989 1539 ita
1007 1477 1171 1564 temperat
1187 1476 1226 1569 ut
1240 1488 1324 1562 pro-

392 1617 534 1712 positam
550 1617 750 1689 sententiam
767 1641 925 1692 versuum
939 1629 1087 1714 systema
1100 1628 1272 1712 sequatur.
1317 1643 1320 1648 ¹

440 1763 527 1836 Cirm
557 1764 706 1836 iambicis
735 1789 816 1836 arsos
844 1776 895 1837 est
922 1767 1055 1850 metris
1090 1774 1324 1838 tetrametrum

391 1908 575 1982 lambicum
602 1909 847 1994 catalecticum,
872 1911 1060 1982 trimetrum
1085 1911 1323 1994 acatalectum,

391 2059 571 2134 dimetrum
585 2061 814 2146 acatalectum,
828 2062 1008 2136 dimetrum
1023 2065 1218 2136 catalectum
1231 2063 1338 2136 adut--

392 2205 466 2278 buit
484 2231 492 2278 :
511 2229 587 2278 cum
607 2207 797 2289 trochaicis,
816 2220 1043 2310 tetrametrum
1060 2209 1324 2294 acatalectieum,

289 2351 293 2357 ’
393 2376 468 2425 cum
484 2353 658 2438 dactilicis,
674 2364 904 2426 tetrametrum
920 2355 1158 2428 catalecticum.
1177 2355 1246 2428 Nec
1263 2355 1328 2428 ¹de-·
1352 2357 1356 2362 ’

392 2513 473 2572 sunt
485 2498 639 2596 plurimae
654 2499 784 2595 species
799 2497 985 2570 ionicorum
1000 2515 1158 2570 versuum
1173 2511 1230 2570 aut
1241 2499 1328 2598 Gly-

393 2647 606 2730 conicorum;
630 2645 687 2718 ubi
708 2645 882 2718 audientes
899 2644 970 2715 vult
987 2643 1028 2715 ad
1045 2640 1246 2719 hilaritatem
1264 2647 1329 2718 de-

393 2791 533 2875 ducere,
555 2791 754 2887 quotiesque
781 2803 833 2864 est
856 2813 932 2862 cum
958 2790 1098 2866 Venere
1113 2805 1146 2864 et
1171 2791 1328 2894 Baccho,

393 2949 474 3008 tuuc
500 2933 673 3032 glyconeis
699 2933 854 3006 versibus
881 2935 1007 3018 utitur;
1027 2907 1112 3006 cum
1137 2935 1326 3023 invehitur,

394 3079 620 3152 choriambico
632 3093 752 3166 metro,
764 3081 854 3177 quod
870 3079 1084 3178 sagacissimo
1096 3079 1327 3178 frequentium

394 3225 580 3299 iamborum
594 3251 659 3300 usu
675 3241 849 3326 temperat.
932 3309 935 3314 ,

443 3373 587 3448 Secutus
606 3389 656 3448 est
674 3375 918 3448 severissimam
936 3388 1119 3450 metrorum
1141 3377 1248 3474 legem
1272 3376 1329 3450 eui

395 3547 431 3593 se
453 3521 708 3619 adstringebant
730 3527 822 3596 tanta
842 3547 919 3596 cum
942 3523 1102 3620 religione
1126 3534 1255 3596 veteres
1277 3525 1330 3622 ly-

395 3671 485 3744 rici:
516 3693 592 3742 nam
620 3672 741 3768 cuique
769 3673 885 3767 generi
915 3672 1176 3755 cantilenarum,
1204 3672 1330 3769 cuique

396 3817 637 3890 sententiarum
663 3817 777 3889 formae
800 3830 833 3889 et
859 3817 961 3890 colori
988 3841 1087 3890 suum
1111 3817 1331 3892 addicebatur
