3104 4958
548 616 734 667 rnrrorooas
751 591 938 670 onntsrrnrr.
1177 624 1209 673 as

270 767 398 864 tionern
422 765 584 862 produnt,
610 790 725 838 verum
750 767 850 840 etiarn
871 769 1024 842 eamdent
1046 774 1211 868 composi-

269 910 374 982 tionis
395 921 538 983 aetatem.
568 910 624 983 Sic
645 921 727 1004 νόμοι
762 911 962 1010 sophronii,
991 915 1048 989 od.
1076 918 1119 1002 ll,
1145 915 1206 1003 95,

267 1064 379 1149 νόμους
407 1064 570 1142 renota-125
599 1058 633 1130 in
670 1062 919 1146 anacreonteis,
949 1063 1010 1150 49,
1037 1063 1075 1148 8,
1106 1074 1210 1159 νόμους
1293 1107 1297 1122 ·

268 1207 440 1296 φιλούντων.

321 1355 434 1428 Γαλήνη
457 1374 534 1423 cunt
555 1373 659 1424 senso
675 1351 876 1424 translatitio
894 1367 1077 1450 usurpatur
1096 1355 1130 1426 in
1148 1357 1208 1426 So-

269 1493 406 1589 phronii
424 1521 433 1566 ι

331 1739 376 1796 od.
394 1737 432 1807 ΙΙ,
448 1737 498 1797 99.
523 1736 632 1807 Γαλήνη
647 1737 738 1813 γενέης
754 1739 862 1818 βροτῶν.

382 1838 432 1910 lV,
446 1839 497 1900 72.
522 1837 672 1898 Ἀπολυσον
685 1841 711 1898 ἐν
725 1841 838 1921 γαλήνῃ.

344 1943 455 2014 xviii,
471 1946 501 2006 2.
524 1943 583 2016 Τὴν
599 1944 678 2026 φίλην
693 1945 812 2024 γαλήνην
827 1945 924 2006 δέδωκε
939 1947 1040 2029 κόσμῳ.

317 2229 482 2300 Praetereo
497 2229 531 2298 in
548 2251 647 2302 versu
663 2230 723 2316 115,
746 2232 807 2316 59,
825 2232 885 2316 69,
904 2235 951 2306 75
969 2235 1202 2321 inveniuntur.

255 2447 258 2454 ,
316 2377 636 2451 Anacreonticorurn
657 2403 792 2452 carrnen
812 2381 873 2465 59,
895 2381 932 2465 8,
953 2387 1054 2453 βιότου
1077 2387 1206 2474 γαλήνην

266 2523 380 2596 habet.

317 2671 369 2742 Ex
389 2671 444 2744 his
463 2670 623 2743 omnibus
645 2694 760 2744 nonne
786 2671 864 2744 iicet
887 2669 1089 2744 concludere
1119 2695 1205 2756 ana-

265 2820 436 2892 creontica
451 2819 599 2890 earmina
616 2818 658 2890 ab
677 2818 814 2916 antiqui
827 2819 1055 2893 destinatione
1070 2833 1203 2892 evocata

265 2981 348 3039 tnnc
361 2967 523 3064 temporis
538 2991 608 3038 non
624 2965 752 3038 festivis
770 2966 1077 3064 compotationibus
1092 2967 1204 3039 inter-

265 3111 384 3198 fuisse,
399 3112 458 3184 sed
474 3111 615 3184 sortasse
630 3112 665 3184 in
676 3112 903 3198 monasteriis,
920 3111 955 3184 in
969 3112 1118 3210 templis,
1134 3136 1203 3184 non

263 3262 334 3355 jam
354 3258 524 3330 Bacchum
549 3267 581 3328 et
605 3255 729 3352 gratias
742 3255 851 3328 nudas
873 3254 1064 3330 celebrandi
1090 3261 1202 3343 carisa,

263 3429 382 3480 rerunt
399 3403 440 3478 ad
465 3405 627 3500 majorem
646 3401 722 3484 Dei,
745 3401 910 3499 Virginis,
926 3389 1203 3498 Angelorumque

263 3550 420 3650 gloriam,
438 3571 612 3622 conversa.

313 3689 417 3762 Multa
440 3689 544 3788 igitur
553 3679 711 3760 'mutuati
739 3687 781 3760 ab
811 3687 1053 3760 anacreonticis
1077 3687 1199 3785 poetis,

264 3837 438 3934 multaque
471 3847 687 3953 mutaverunt
721 3863 781 3912 seu
813 3839 1015 3936 adjiciendo,
1048 3865 1108 3914 seu
1137 3840 1202 3913 de-
