3104 4958
723 561 891 614 eumanum.

328 711 457 796 eadem,
473 719 538 808 qua
550 714 667 810 opicus
680 715 859 796 Homerus,
875 717 924 788 vel
940 742 1008 790 non
1022 719 1127 790 multo
1138 719 1262 816 dispari

328 856 420 929 lauro
437 858 631 932 donaretur.

375 1007 422 1072 Ac
441 1017 552 1078 tamen
573 1009 731 1104 permulti
744 1013 812 1105 jam
827 1010 982 1082 Rheuaui
1003 1012 1110 1083 critici
1136 1013 1208 1086 lusa
1231 1027 1264 1086 et

328 1150 463 1244 copiose
491 1174 541 1235 ea,
568 1151 692 1248 quibus
725 1155 1043 1228 Anacreontieorum
1075 1159 1261 1230 carminum

329 1295 790 1394 arroteritaeimpugnaretur,
818 1299 1000 1394 protulere.
1026 1299 1147 1372 Nullus
1170 1303 1261 1374 euim

330 1442 468 1517 sortasse
482 1446 596 1542 plures
610 1451 710 1542 quam
727 1449 901 1518 Anacreon
917 1448 969 1519 sui
987 1449 1038 1520 vel
1054 1447 1261 1520 adversarios

328 1591 379 1662 vel
396 1591 591 1665 defensores
608 1605 726 1666 nactus
739 1605 790 1665 est
811 1606 909 1690 poeta
923 1607 1031 1667 vetus.

378 1737 555 1812 Cornelius
580 1747 702 1838 nempe
738 1743 863 1838 Pauus,
894 1741 1069 1825 Fisherus‚
1107 1743 1260 1826 llaebius,

329 1881 603 1981 Mclhorniusque
628 1885 719 1970 hinc,
739 1885 816 1957 ind'e
837 1887 1054 1959 doctissimus
1071 1886 1261 1981 Liudauus,

329 2033 383 2106 ille
396 2059 470 2106 acer
485 2034 620 2130 quidem
638 2035 696 2108 sed
720 2039 839 2134 parlim
856 2035 934 2108 felix
954 2037 1261 2108 anacreontiearmn

328 2181 569 2254 cantilenarum
586 2182 793 2277 antiquitatis
812 2196 1057 2278 propugnator,
1082 2181 1263 2254 admouere
1360 2175 1368 2183 ’

329 2327 525 2403 debuissent
539 2331 588 2404 vel
605 2330 766 2402 lunaticos
783 2330 1011 2401 admiratores.

355 2439 359 2448 ¹
376 2473 535 2546 Prodidre
549 2489 660 2546 tamen
673 2476 743 2547 sola
757 2476 791 2546 in
805 2479 920 2546 nostrai
934 2473 1053 2558 Gallia,
1066 2474 1112 2558 alo¹
1122 2448 1261 2548 ineunte

328 2622 463 2712 saeculo,
481 2621 531 2692 vel
548 2632 623 2691 octo
646 2619 697 2692 vel
721 2643 843 2692 novem
868 2597 1164 2715 interpretationes
1184 2620 1263 2692 edi·
1357 2673 1367 2691 ..

329 2768 504 2862 tionesque
527 2765 761 2846 Anacreontis,
785 2789 895 2860 neque
914 2766 949 2836 in
975 2766 1040 2837 ulla
1065 2767 1185 2838 harum
1202 2769 1262 2838 in-

328 2909 408 2983 cidit
420 2912 471 2983 vel
482 2911 621 2983 minima
636 2911 678 2983 de
695 2911 893 3008 antiquitate
908 2927 1017 3009 poetae
1030 2913 1209 2986 dubitatio.

376 3061 473 3133 Haud
485 3061 641 3158 equidem
652 3085 714 3159 ego
725 3061 835 3158 cogito
849 3063 1118 3158 sapientissimos
1130 3063 1262 3160 judices

328 3237 434 3297 meos,
449 3211 577 3283 lumina
590 3212 774 3284 litterarum
791 3223 890 3317 atque
909 3213 1020 3284 omnis
1040 3212 1138 3284 honae
1152 3213 1261 3284 disci·-

328 3361 447 3457 plinae‚
475 3361 599 3458 quibus
626 3361 697 3434 haec
735 3360 923 3433 destinatur
951 3361 1258 3445 dissertatiuncula,

327 3513 499 3584 veritatem
519 3514 588 3608 jam
607 3511 792 3584 obsoletam
816 3511 978 3586 edocere:
999 3513 1127 3609 quippe
1152 3491 1262 3607 quivis

326 3682 441 3730 eorum
457 3683 542 3743 rem,
565 3658 607 3730 dc
625 3664 691 3754 qua
711 3660 834 3756 agitur,
853 3683 905 3731 me
929 3659 1062 3756 planius
1089 3659 1261 3730 aemulius

327 3801 476 3898 prolecto
490 3803 695 3899 exploratam
711 3801 824 3874 habet.

382 3954 443 4024 Ast
466 3953 519 4024 alii
546 3954 739 4026 criticorum
761 3953 954 4050 abjudicant
969 3954 1172 4025 Anacreonti
1200 3977 1262 4023 so*
