3104 4958
348 664 388 712 llli
408 635 614 722 tb'tlQl'll'tTE
633 661 793 710 canutum
815 661 1122 711 :lbbllllllllN'llllllllUll.
1167 663 1206 712 53-

269 811 442 910 glossariis
453 811 745 908 grammaticorum
760 811 956 906 posterioris
970 811 1076 882 orans
1092 825 1200 884 traus-

270 963 344 1034 latao
368 971 460 1046 sunt,
489 971 588 1056 atque
612 983 652 1031 ex
677 959 730 1030 bis
751 957 911 1056 Hesychii
935 959 1142 1056 aliorumque
1166 961 1199 1031 iu

271 1107 387 1180 lexicis
401 1107 521 1203 glossae
536 1106 745 1202 depromptae
761 1106 828 1177 veri
846 1105 1065 1178 Anacreontis
1083 1106 1202 1178 carmi-

273 1251 374 1324 nibus
390 1251 514 1348 quibus
533 1251 749 1324 Alexandrini
771 1251 875 1324 critici
894 1252 1005 1322 limam
1023 1277 1117 1324 suam
1139 1252 1204 1324 ad-

273 1409 445 1470 moverant
461 1423 469 1467 ε
489 1397 632 1469 maxima
647 1401 724 1468 verb
743 1397 935 1468 odariorom
951 1423 1026 1493 quae
1040 1398 1204 1470 babemus

274 1569 369 1640 pars,
399 1567 508 1642 neque
534 1543 646 1616 verbis
671 1569 780 1640 neque
809 1544 987 1616 sententiis
1011 1546 1204 1618 continetur

274 1689 439 1784 ejusmodi
451 1713 593 1784 quarum
606 1689 916 1786 interpretationem
930 1690 1087 1762 homines
1096 1694 1204 1786 graece

274 1835 364 1906 docti
379 1847 555 1932 expectare
569 1839 586 1905 b
601 1836 702 1908 tantis
718 1836 944 1931 gramumticis
959 1834 1152 1912 debuerint.

318 1981 453 2078 Accipit
466 1981 569 2078 igitur
585 2005 647 2078 pro
659 1982 819 2077 genuinis
831 1981 911 2054 illud
928 1982 1112 2054 odariolum
1124 1981 1205 2054 Gel-

274 2130 322 2213 lii,
347 2127 494 2225 illudque
513 2128 722 2226 trigesimum
744 2151 877 2199 carmen
899 2130 997 2224 eujus
1012 2128 1079 2202 duo
1097 2129 1204 2200 versi-

275 2273 341 2344 ruli
356 2273 444 2370 apud
461 2274 735 2370 Hephaestionem
751 2261 785 2344 el
798 2271 986 2344 scoliastam
1004 2273 1204 2369 Aristopha-

276 2411 363 2495 nis¹‚
387 2414 654 2512 paucissimaque
678 2413 738 2486 elio
760 2412 878 2486 eodem
899 2411 1045 2509 prolecto
1069 2413 1205 2510 ingenio

275 2560 465 2658 profitetur.

324 2706 488 2804 Equidem
513 2707 591 2780 buic
608 2731 671 2804 ego
691 2732 733 2779 ne
756 2708 789 2778 in
810 2707 864 2780 bis
885 2707 1020 2803 quidem
1042 2705 1207 2778 assentior

277 2853 350 2924 talia
370 2852 584 2926 concludenti
607 2879 615 2923 ε
641 2877 702 2928 uec
716 2853 844 2926 Gellius
867 2853 949 2926 mibi
971 2853 1096 2949 dignus
1119 2858 1207 2924 tanto

278 3003 398 3076 liduciri
415 3003 558 3076 videtur.

325 3149 463 3222 Veteres
484 3149 588 3222 critici
608 3151 667 3222 toli
690 3159 785 3222 eraut
803 3151 837 3221 in
857 3149 1070 3246 dijudicanda
1086 3161 1209 3222 ancto-

276 3319 349 3368 rum
369 3297 559 3392 eloquentia
585 3309 619 3368 et
645 3297 834 3370 elocutione
860 3321 868 3366 :
894 3299 1010 3370 verbm
1037 3297 1208 3368 minimam

237 3475 246 3500 ο
278 3440 327 3512 vel
347 3444 460 3537 potibs
485 3441 609 3513 nnllam
632 3441 874 3539 impendebant
894 3465 1005 3516 curam
1026 3443 1053 3514 si
1072 3465 1147 3536 quac
1167 3441 1206 3511 od

278 3586 378 3658 vitam
402 3586 534 3658 illorum
556 3587 606 3659 vel
629 3587 669 3658 ad
697 3575 831 3684 tempus
854 3589 886 3660 io
914 3613 981 3684 quo
1005 3586 1206 3670 llornoront,

313 3913 318 3944 ¹
339 3913 414 3972 tlon,
430 3915 657 3975 brabantorum,
673 3917 730 3968 illd.
