3104 4958
381 633 413 682 58
633 631 798 682 oottt‘ottult
816 629 1060 681 dontnovttttste'

382 782 415 850 in
431 779 540 854 libello
556 780 665 877 primo
680 803 780 876 quem
794 777 906 852 ederet
922 779 1057 875 juvenis
1070 791 1197 851 auctor.
1215 778 1319 850 Anno

381 929 536 1026 sequenti
550 927 686 1000 llenriei
708 928 857 1024 prolusio
878 927 1035 1002 litteraria
1052 926 1189 1024 prodiit,
1215 925 1320 999 Vite-

382 1077 518 1174 lrcrgiae,
537 1075 580 1150 de
592 1076 842 1151 Clrarientismo
855 1078 1076 1176 Anacreontis
1095 1075 1137 1148 ad
1154 1077 1318 1150 Demetrii

382 1223 534 1298 Phalerei
548 1223 760 1321 disciplinam
782 1245 934 1320 expenso
952 1249 960 1298 :
981 1223 1067 1300 hane
1081 1223 1239 1320 equidem
1255 1247 1320 1296 re·-

382 1373 492 1470 perire
514 1395 583 1444 non
608 1374 702 1469 potui
725 1371 852 1458 adhue,
878 1371 935 1444 sed
960 1371 1024 1443 nisi
1050 1369 1131 1444 lallit
1156 1393 1208 1442 me
1227 1369 1318 1444 tituli

382 1519 588 1617 designatio,
617 1541 684 1592 non
711 1521 827 1614 perum
855 1518 895 1590 ad
922 1530 1069 1590 nostram
1093 1517 1318 1612 quaestionem

378 1665 540 1748 *faciebam
576 1668 745 1740 sinuetur
777 1663 873 1740 bene
898 1651 1140 1738 demonstravit
1172 1687 1212 1736 ex
1252 1663 1333 1734 tttts·

384 1811 600 1884 Alexandrini
616 1813 719 1885 critici
743 1812 1031 1909 regulislideliter
1050 1809 1235 1884 observatis
1253 1833 1318 1881 no·

383 1959 461 2030 vitia
475 1981 550 2030 cose
567 1959 712 2030 earmina
730 1983 805 2053 quae
820 1965 1006 2050 άττικίσμους
1023 1955 1179 2028 allectam
1195 1981 1203 2025 :
1225 1947 1320 2051 quod

382 2111 518 2207 quidem
536 2110 607 2184 lieri
626 2133 693 2184 non
711 2122 841 2207 poterat
857 2112 921 2184 nisi
937 2135 997 2206 per
1013 2109 1195 2182 imitatores
1213 2109 1265 2180 vel
1282 2109 1319 2177 in

383 2264 420 2332 eei
441 2241 537 2332 aet'ate
553 2257 610 2329 ubi
629 2261 696 2354 jam
714 2259 835 2330 atticus
851 2249 961 2330 sermo
977 2283 1013 2331 se
1030 2271 1145 2332 contra
1163 2259 1321 2356 gliscen-

379 2415 451 2475 tem
465 2403 666 2502 scriptorum
684 2403 905 2478 Asiaticorum
922 2415 1087 2478 tumorem
1102 2403 1318 2478 defendebat.

434 2549 585 2621 Prolusio
614 2549 692 2622 dein
725 2548 825 2621 altera
848 2548 987 2621 Graeteri
1012 2549 1185 2621 aesthetico
1206 2549 1321 2622 critica

385 2697 418 2764 in
431 2695 615 2766 editionem
626 2695 848 2768 Anacreontis
863 2695 956 2791 lyrici
971 2695 1108 2768 redivivi
1125 2693 1323 2766 continebat

386 2864 454 2912 nou
473 2841 547 2913 sine
563 2841 843 2938 explicationibus
860 2867 1080 2942 quaecumque
1096 2833 1261 2918 auctorest
1277 2844 1323 2915 de

386 3014 421 3062 re
443 2994 560 3087 posteo
584 2989 730 3088 scripsit.
749 2991 833 3064 Fere
847 2991 889 3064 de
906 2991 1041 3064 metricat
1056 2991 1125 3064 sota
1138 2991 1319 3088 agebatur;

387 3139 617 3236 triplicemque
643 3141 676 3210 in
703 3141 920 3214 conclusione
942 3163 1016 3214 esse
1041 3135 1172 3213 volebat
1193 3140 1322 3210 earini-

386 3309 468 3358 num
486 3285 759 3378 distributionem
777 3312 788 3358 t
808 3288 841 3358 in
861 3289 968 3384 primai
986 3299 1082 3360 erant
1099 3311 1323 3384 quaecumque

385 3435 485 3508 nobis
500 3436 643 3509 servavit
658 3435 842 3533 fragmenta
858 3437 1039 3536 antiquitas
1055 3461 1063 3507 :
1082 3436 1231 3510 secundo
1247 3433 1322 3508 loco

386 3581 439 3654 illa
461 3583 667 3656 constituere
685 3581 829 3656 debebat
848 3593 960 3656 orator
977 3607 1052 3679 quae
1071 3607 1139 3656 uon
1155 3581 1323 3654 vindicata

386 3731 522 3826 quidem
539 3732 740 3804 testimoniis
754 3743 917 3816 veterum,
936 3731 993 3805 sed
1010 3731 1208 3804 vindicanda
1223 3733 1323 3830 inge-

389 3876 444 3946 nio
466 3897 527 3946 suo
551 3877 751 3950 Anacreonti
778 3891 891 3951 essent
918 3904 926 3948 ε
955 3879 1051 3950 tertio
1079 3879 1224 3974 denique
1249 3877 1323 3950 loco
