3104 4958
518 615 703 668 tartarones
724 619 908 670 (llllllSTlANl.
1028 643 1031 648 ¹
1146 623 1177 671 “27

294 766 445 864 ignatius
465 765 627 840 diaeonus
653 779 782 842 enatet
808 781 1023 842 conservator
1048 794 1178 868 magnae

211 912 626 1010 ·Constantinopolitanae
655 913 817 999 ecelesiae,
852 913 930 986 dein
965 921 1178 1014 perpaucitate

237 1056 365 1142 Nieeae,
379 1057 664 1154 quemadmodum
676 1057 793 1132 scribit
805 1055 943 1132 Suidas¹
962 1083 970 1132 ε
987 1062 1179 1158 composuit

238 1204 326 1276 vitas
345 1203 471 1278 Tarasii
487 1218 520 1276 et
539 1202 722 1301 Nicephori
735 1203 794 1302 qui
815 1204 1070 1301 patriarchalem
1083 1206 1176 1280 Con-

238 1351 462 1450 stantinopoli
488 1351 688 1449 dignitatem
712 1351 903 1438 obtinuere,
934 1353 990 1426 ille
1014 1379 1057 1427 ex
1086 1379 1177 1430 anno

238 1495 314 1568 aar
330 1496 370 1568 aa
397 1495 483 1581 noo,
511 1497 594 1592 nter
610 1497 652 1571 o
677 1467 1023 1579 ainomehun
1047 1501 1176 1574 einen
1279 1595 1282 1599 ,

237 1647 425 1736 ἐπιτυμὸίους
438 1645 566 1741 elegos
580 1643 959 1743 epistolasque'quoque
972 1647 1174 1744 conseripsit

238 1803 356 1864 eontra
370 1789 533 1862 Thomam
545 1790 783 1864 Astartenum.

282 1937 447 2012 'hretham
476 1938 782 2036 archiepiscopum,
818 1937 940 2012 Photio
968 1939 1169 2036 patriarcha,

236 2086 365 2160 Leone
379 2087 593 2184 imperatore,
624 2085 688 2161 sub
710 2085 820 2168 ,linem
843 2081 956 2160 saeculi
984 2087 1105 2160 deoimi
1120 2088 1174 2160 vi-

234 2233 328 2306 nisse
340 2233 521 2306 verisimile
532 2233 719 2306 est-Leo
741 2233 900 2330 magister
920 2245 1038 2306 auctor
1054 2233 1170 2306 Chro-
1225 2235 1230 2244 '
1289 2259 1298 2283 ·

234 2378 432 2475 nugraphiae
445 2401 558 2450 rerum
574 2377 661 2450 intra
673 2401 800 2460 annum
821 2375 895 2450 814
908 2390 942 2450 et
963 2377 1035 2450 949
1053 2389 1165 2474 gesta-

233 2547 310 2597 rum
326 2525 433 2621 usque
449 2525 489 2598 ad
505 2525 607 2598 duem
623 2524 736 2598 saeculi
752 2505 874 2596 decimi
897 2521 1024 2595 floruit.

282 2671 422 2744 loannis
447 2671 655 2766 grammatici
681 2667 806 2748 Gazae,
839 2667 974 2764 Georgii
1003 2667 1046 2740 de
1073 2681 1170 2748 aetate

234 2839 302 2888 non
326 2815 406 2886 satis
429 2815 516 2886 inter
536 2813 654 2886 dootos
674 2825 806 2886 constat
829 2836 905 2886 eum
920 2813 989 2886 Leo
1006 2813 1171 2910 Allatius2

231 2959 318 3034 nihil
332 2959 374 3034 de
391 2960 455 3032 hoc
473 2959 624 3058 prolerre
639 2959 771 3032 audeat.
792 2959 860 3032 Leo
876 2971 975 3056 poeta
997 2929 1032 3034 et
1049 2960 1168 3057 philo-

232 3106 362 3204 sophus
376 3105 566 3180 Academiae
584 3105 970 3203 Constantinopolitanae
991 3106 1135 3180 conditae
1149 3112 1167 3179 a

230 3251 362 3326 Caesare
376 3252 484 3325 Barda
504 3252 568 3326 sub
587 3253 746 3326 llliehaele
761 3254 860 3341 tertio
884 3253 1064 3350 praeleetus
1081 3269 1163 3328 erat.

229 3399 456 3497 Theophanes
469 3425 511 3472 an
536 3399 636 3474 luerit
654 3400 911 3497 leonographiae
927 3414 1042 3473 auctor
1057 3401 1090 3472 in
1108 3402 1167 3474 in-

229 3560 319 3619 certo
345 3562 408 3620 est.
435 3545 506 3620 Etsi
528 3547 636 3620 senilis
661 3559 738 3620 nata
757 3547 915 3620 uideatur
942 3547 1012 3618 haee
1036 3547 1166 3644 sylloge

266 3792 271 3819 ¹
294 3791 339 3841 Ed.
356 3793 458 3853 lluster,
473 3793 515 3844 ot.

264 3885 272 3916 ²
291 3887 367 3938 uiatr.
383 3887 515 3948 deGeoru.
532 3903 570 3951 ap.
588 3890 738 3950 Faliniriunr,
754 3892 802 3940 vol.
819 3889 869 3943 xtt.
885 3887 928 3940 Ἠ.
940 3889 979 3938 ed.
994 3889 1062 3938 llari.
