3104 4958
331 638 370 690 ΒΕ
389 637 596 704 Austountts:
614 639 775 690 conatuum
796 639 1107 692 ANAGREONTiGORUM.
1150 639 1183 690 b'd

253 787 478 861 succedebant
494 789 677 862 imitatores
692 791 766 887 ejus
782 801 912 860 veteres
925 787 1038 886 graeci,
1057 789 1129 884 qui,
1147 793 1183 860 iit

252 1092 359 1174 guam
369 1091 478 1152 vatem
492 1079 610 1152 Teium
625 1080 793 1177 priorem'3
811 1079 921 1152 eaeteri
933 1083 1012 1151 verb
1026 1077 1184 1152 vecordes

254 1236 432 1321 menteque
446 1225 530 1322 lapsi
544 1228 620 1319 eius
632 1224 829 1309 imitatores,
845 1223 1079 1320 posteriorem,
1090 1245 1185 1296 eum-

253 1371 413 1468 demque,
430 1381 469 1444 ut
486 1371 613 1462 saecat,
629 1369 838 1468 occupabant
854 1370 977 1442 locum.

302 1523 380 1594 Haec
393 1523 529 1619 quidem
543 1524 662 1618 parbm
680 1519 843 1592 absimilia
860 1533 938 1592 sunt
957 1517 1011 1590 bis
1026 1542 1102 1614 qnae
1116 1519 1183 1615 jem

252 1663 381 1739 dixerat
395 1665 557 1738 Fisbcrus
572 1666 606 1736 in
623 1664 771 1738 secunda
784 1687 914 1761 magnae
925 1663 1084 1736 editionis
1099 1685 1185 1759 prae·

254 1811 389 1886 satione.
416 1812 485 1885 Nee
505 1812 636 1884 dubitat
655 1812 791 1884 criticus
814 1833 922 1884 novus
941 1833 1074 1907 eaquae
1096 1810 1183 1882 bona

253 1972 334 2032 sunt
357 1961 468 2033 odaria
495 1961 696 2034 Anacreonti
724 1961 896 2057 assignare
921 1985 929 2030 :
954 1961 1078 2056 inquo
1103 1957 1184 2029 mibi

254 2105 321 2178 salli
345 2105 488 2178 videtur.
512 2105 595 2178 Nam
622 2117 743 2203 praeter
761 2104 1008 2178 Anacreontem
1034 2105 1185 2178 extitisse

255 2263 439 2348 potuerunt
459 2253 574 2350 piures
593 2253 665 2350 qui,
688 2251 878 2325 faventibus
892 2251 999 2324 Musis
1016 2263 1050 2324 et
1069 2273 1184 2323 earum

254 2398 396 2494 praeside
409 2401 476 2472 nati
495 2398 608 2472 odaria
628 2399 860 2472 anacreontica
874 2399 1066 2496 pepigerint
1078 2395 1186 2470 belle?

254 2569 309 2618 res
330 2545 466 2642 quidem
487 2547 670 2619 sanemini
694 2547 727 2619 in
748 2545 994 2618 dubitationem
1008 2545 1060 2618 vei
1079 2545 1185 2616 mini-

254 2714 342 2762 mam
355 2693 470 2765 venire
489 2705 612 2790 potest.
635 2693 746 2780 Quare
761 2717 803 2766 ex
820 2715 860 2766 eo
877 2693 966 2790 quod
988 2692 1099 2764 odaria
1115 2715 1183 2764 non

252 2838 397 2933 quodam
419 2840 552 2937 poetico
574 2840 694 2936 spiritu
719 2853 865 2924 careant,
886 2839 1066 2912 concludet
1084 2863 1184 2912 nemo

253 2988 330 3056 ver'c
348 2983 402 3056 ilia
416 2987 620 3058 Anacreonti
636 2987 747 3082 priseo
765 2983 977 3058 attribuenda
997 3009 1095 3056 esse:
1116 3009 1185 3080 po·

254 3145 392 3203 tucmnt
412 3132 504 3204 enim
527 3131 581 3203 iiia
608 3130 708 3204 edere
734 3133 788 3203 aiii
817 3133 874 3227 qui
905 3129 1105 3202 Anacreonti
1133 3131 1183 3202 vei

254 3289 350 3361 pares
367 3278 476 3352 erant,
493 3266 545 3338 vel
560 3289 628 3338 non
645 3267 689 3338 ita
707 3267 863 3362 impares.

301 3415 444 3490 bloebius
458 3438 546 3511 opus
560 3414 733 3486 bGraetero
746 3413 929 3486 indicatum
944 3411 1105 3510 perficere
1119 3435 1184 3483 eo·

255 3571 436 3643 natusest,
459 3583 522 3632 neo
546 3558 757 3632 mediocriter
777 3557 913 3654 adjutus
935 3557 1072 3654 optimis
1091 3555 1183 3630 Her-

254 3709 367 3780 manni
391 3707 433 3780 de
456 3733 492 3781 re
517 3709 652 3781 metrica
676 3705 970 3780 dissertationibus
995 3729 1002 3775 :
1030 3703 1181 3778 eamdem

252 3861 536 3955 atquetneurus
558 3861 708 3956 seqnitur
733 3859 928 3956 opinionem
951 3861 983 3930 in
1006 3881 1182 3954 program-
