3104 4958
905 391 922 432 t

360 645 398 694 DE
418 643 624 704 aottotttta'ttt
641 643 802 693 oaunttttttt
823 643 1131 694 anauuuonttcotttttt.
1181 645 1215 693 55

288 821 302 858 a
323 791 442 888 pudiea
452 793 602 864 oratione
615 791 785 864 Socratem
801 791 918 864 nosse
932 793 1044 864 aiunt:
1058 803 1092 864 et
1103 792 1215 864 audite

288 961 360 1010 «ao
381 937 499 1012 discite
520 949 654 1010 nostros
673 961 809 1034 quoque
833 937 1039 1036 antiquiores
1059 949 1136 1009 ante
1158 962 1217 1010 eos

289 1108 407 1180 «quos
436 1084 635 1160 nominastis
672 1095 788 1179 poetas
817 1084 960 1157 amasios
993 1109 1031 1158 ao
1064 1085 1218 1159 venerios
1254 1177 1257 1182 Ι

292 1227 440 1300 «tuisse.
462 1227 549 1300 Turn
570 1227 767 1324 resupinus,
786 1225 895 1326 eapite
915 1230 1034 1313 velato,
1059 1253 1140 1302 voce
1159 1230 1217 1301 ad-

290 1406 304 1440 «
325 1375 461 1450 rnodunt
473 1377 677 1474 quamsuavi
694 1373 1084 1450 oociuitValeriiAEditui
1097 1377 1219 1448 veteris

290 1553 305 1592 a
325 1535 443 1620 poetae)
462 1523 542 1598 itetn
556 1524 666 1596 Porcii
682 1523 802 1596 Licinii
818 1537 852 1596 et
867 1523 983 1610 Quinti
1000 1525 1120 1596 catutti
1136 1527 1218 1620 qni-

290 1699 305 1734 «
325 1668 388 1740 bus
401 1667 576 1754 nunnius,
589 1669 779 1754 venustius,
795 1669 955 1754 limatius,
967 1671 1117 1766 pressius
1133 1695 1218 1767 gra*-

292 1845 306 1878 a
325 1839 401 1886 eura
414 1814 597 1886 latinurnve
610 1813 694 1886 nihii
707 1814 890 1912 quidquam
906 1817 1046 1912 reperiri
1059 1828 1153 1912 puto.
1173 1848 1187 1884 s

336 1959 545 2034 incredibilis
559 1960 695 2056 quidem
711 1963 869 2057 jactantia
885 1962 962 2059 plus
975 1966 1075 2058 quarn
1092 1964 1219 2060 Hispa-

290 2109 362 2180 nioa
383 2107 459 2180 talis
478 2105 674 2203 opinionis:
695 2111 797 2204 quare
817 2132 879 2182 neo
898 2110 1150 2206 provocandum
1168 2123 1219 2184 est

288 2253 327 2324 ad
355 2253 447 2350 leges
474 2253 606 2350 pulchri
637 2263 703 2324 tarn
732 2253 876 2350 turpiter
903 2256 1084 2351 ignoratas.
1114 2255 1219 2352 Magis

288 2413 397 2473 autent
410 2399 654 2473 attendendum
669 2423 792 2474 oenseo
805 2400 885 2474 huie
901 2401 1038 2474 ineuriae
1050 2406 1116 2497 qua
1132 2401 1170 2472 tit
1183 2415 1219 2473 nt

289 2544 1030 2642 audeatantiquioresrtuacreonteaoSappho
1039 2571 1097 2619 eos
1108 2548 1219 2619 dioere

288 2693 345 2787 qui
365 2691 518 2788 pluribus
538 2693 668 2764 saeouiis
690 2706 767 2789 post
786 2693 860 2764 iilos
883 2693 995 2764 vixere
1017 2718 1025 2763 :
1049 2717 1110 2766 neo
1131 2693 1219 2765 ullus

289 2838 496 2910 audientium
511 2862 580 2911 retn
596 2839 736 2910 miratur
748 2851 806 2912 aut
818 2839 1018 2936 impugnare
1030 2839 1190 2912 adoritur.

338 2981 434 3054 Haud
453 2985 559 3078 nrajor
577 2982 688 3054 forsan
708 2983 771 3054 erit
791 2981 876 3054 fides
891 2983 1069 3056 tribuenda
1085 2985 1218 3058 Aristo-

290 3127 421 3223 phaneo
435 3126 625 3200 scholiastae
640 3137 697 3199 aut
709 3127 954 3224 Hephaestioni.
973 3128 1124 3201 Pritnunr
1141 3155 1218 3202 orn-

291 3275 384 3346 niurn
399 3272 624 3368 nonloquitur
633 3271 831 3369 Hephaestio
843 3274 887 3346 ita
895 3298 933 3348 ac
944 3275 973 3346 si
986 3287 1137 3370 putasset
1149 3275 1218 3345 haer

290 3423 366 3492 vere
385 3419 604 3494 Anacreontis
616 3445 691 3492 esso
709 3447 718 3492 :
735 3421 816 3494 dioit
830 3423 921 3494 onina
935 3431 975 3504 ὡς
988 3430 1021 3492 τὸ
1040 3429 1219 3513 καλούμενον

291 3558 513 3662 insapientiae,
539 3568 630 3638 aioni
648 3573 701 3658 μὲν
721 3574 813 3640 θέλων
832 3578 980 3662 μάχεσθαι
999 3575 1189 3663 μαχέσθω...
1208 3567 1222 3622 ¹·

329 3903 334 3932 ¹
357 3903 457 3962 tta-rat,
474 3901 531 3951 ⁸228.
550 3905 624 3952 rinno¹
642 3917 719 3952 rarat.
737 3905 781 3952 rot.
