3104 4958
347 615 379 666 38
598 613 762 666 nocturum
780 617 1024 670 CONTROVERSIAE

348 767 564 862 antiquorum
585 763 689 840 libros
710 765 896 840 decretoria
918 766 990 840 haec
1012 766 1112 840 verba
1134 769 1247 864 iegas¹
1269 793 1279 842 ε

351 915 461 986 «Haeo
483 938 546 1013 ego
568 915 610 990 de
628 916 811 1014 generibus
829 918 1020 990 chartarum
1042 917 1154 992 dicere
1173 918 1279 1004 volui,

348 1073 386 1135 ut
404 1062 598 1160 intelligatis
618 1088 753 1136 omnem
775 1066 905 1138 illarum
919 1091 1026 1141 ‚usum
1046 1079 1081 1139 et
1100 1067 1284 1164 antiquita-

350 1209 547 1325 temQuarb
562 1211 787 1308 perridicidus
801 1223 853 1288 est
867 1213 909 1308 is,
926 1213 983 1310 qui
999 1213 1194 1311 nuperrime
1209 1211 1285 1288 cdi-

349 1358 394 1430 tis
404 1357 606 1456 quibusdam
622 1361 742 1434 insulsi
755 1361 905 1434 hominis
917 1362 1017 1460 graeci
1030 1361 1175 1448 lusibus,
1190 1363 1286 1436 Ana-

350 1506 497 1578 creontis
518 1506 600 1581 odas
623 1531 697 1580 esse
720 1506 849 1588 scribit,
874 1508 938 1582 hoc
963 1520 1062 1581 utens
1083 1523 1285 1606 argumento

349 1653 439 1750 quod
463 1655 497 1728 in
522 1656 645 1730 cortice
671 1667 788 1730 esseut
808 1655 983 1754 descripti,
1007 1671 1046 1729 ut
1068 1657 1131 1731 haic
1153 1628 1286 1734 ratione

350 1807 478 1882 scilicet
492 1806 591 1880 nobis
606 1808 807 1906 imponeret.
826 1838 842 1876 »
861 1808 964 1880 Paulb
977 1808 1157 1882 violentior
1169 1807 1287 1882 videa-

352 1963 408 2024 tur
420 1952 621 2050 quibusdam
636 1953 822 2028 Robortelli
834 1953 999 2028 dubitatio
1012 1958 1110 2053 cujus
1125 1979 1187 2030 nec
1203 1957 1287 2030 satis

352 2123 471 2174 causas
488 2101 611 2187 reddit,
631 2127 672 2176 ex
689 2125 783 2176 more
801 2103 914 2176 saeculi
933 2103 967 2176 in
985 2127 1053 2200 qno
1073 2101 1284 2190 divinabant,

352 2263 390 2323 ut
406 2249 450 2323 ita
465 2251 587 2336 dicam,
604 2265 640 2324 et
651 2251 946 2325 subodorabamur
964 2253 1195 2349 antiquitatem
1214 2253 1288 2325 cri·

353 2401 502 2488 ticinae
522 2425 656 2500 semper
676 2414 832 2499 poterant
853 2401 1057 2474 firmissimis
1081 2403 1167 2476 tucri
1180 2423 1287 2498 argu-

352 2551 475 2624 mentis
505 2575 611 2636 veras,
632 2575 716 2648 quas
740 2549 986 2648 sequebantur,
1003 2551 1196 2648 opiniones,
1217 2547 1288 2622 Neo

353 2703 445 2774 solus
459 2714 571 2773 tamen
584 2699 801 2776 Robortellus
815 2701 918 2799 hujus
932 2712 1002 2772 erat
1014 2699 1192 2772 sententiae
1206 2697 1288 2769 satr-

354 2859 430 2919 tor:
450 2845 589 2919 Fulvius
609 2847 700 2920 enirn
717 2847 890 2920 Ursinus²
908 2850 984 2919 cirm
1003 2846 1151 2943 primum
1174 2843 1290 2916 ederet

354 2993 500 3066 carmina
533 3017 654 3066 novem
679 2993 859 3068 illustrium
883 2993 1083 3068 seminarum
1104 3004 1138 3064 et
1161 2991 1290 3090 lyrico-

354 3163 442 3228 rum,
454 3141 729 3217 dootantirmaut
745 3153 826 3228 tres,
847 3140 1178 3240 praeterfragmenta,
1193 3140 1290 3212 Ana·
1312 3127 1315 3133 ¹

354 3289 502 3362 creontis
527 3288 608 3362 odas
632 3289 872 3372 interserebat,
895 3288 1098 3387 easdemque
1126 3300 1159 3361 et
1181 3283 1290 3360 Gellio

354 3447 411 3512 aut
430 3436 551 3535 priscis
576 3437 799 3536 scriptoribus
818 3437 1050 3534 depromptas,
1071 3435 1169 3532 quasi
1186 3443 1292 3508 caete-

390 3686 398 3714 ¹
417 3685 504 3738 Tiresia
520 3685 576 3735 crit.
593 3683 813 3734 Gruteri.-Vide
826 3697 928 3748 quoque
941 3683 1015 3745 Gasp.
1040 3681 1159 3746 Scioppii,
1179 3680 1211 3730 do
1230 3677 1293 3734 dua:

355 3788 452 3832 creont.
465 3795 544 3832 curm.
558 3778 803 3830 commentariolum.

391 3874 405 3907 ¹2
420 3875 563 3940 Antuerpiae
577 3887 607 3925 or
622 3871 721 3924 officina
735 3872 907 3936 christophori
919 3873 1037 3933 Plautini,
1056 3873 1127 3922 1568.
