3104 4958
546 579 729 630 intraturas
747 581 929 652 rrnnrsrnu.
1172 587 1205 638 aa
1304 555 1307 564 ’

269 739 377 812 ratila,
396 741 467 800 tum
481 730 639 826 rosalpsa
650 743 687 802 ,ot
700 731 846 804 Deorum
864 732 963 804 llatus
976 746 1010 806 ct
1026 733 1201 806 hominum

267 874 430 972 gaudium
453 883 699 974 nuncupatur:
737 900 861 976 nempe
884 878 1007 952 Gratiis
1030 880 1083 952 illa
1103 903 1202 952 orna-

235 1003 238 1010 ’
268 1033 384 1095 mento
411 1024 495 1120 ipsis
520 1038 584 1109 est,
612 1026 713 1098 simul
745 1051 822 1110 cum
852 1025 1054 1110 Amorihus;
1085 1028 1201 1102 eadem

266 1171 392 1244 Veneri
424 1171 597 1267 Musisque
631 1173 835 1268 gratissima,
869 1173 1114 1271 hominumque
1142 1177 1202 1271 ju-

266 1321 378 1392 cunda
405 1319 572 1418 voluptas
593 1320 876 1418 quandocumque
898 1321 985 1394 illam
1009 1323 1086 1418 quis
1115 1323 1202 1424 inter·

265 1469 396 1544 senus
415 1471 547 1566 spineta
574 1471 730 1566 reperiat.
759 1468 852 1542 Idem
877 1467 940 1540 llos
962 1469 995 1540 in
1022 1470 1139 1567 epulas
1165 1494 1200 1540 ac

266 1621 351 1690 l'esta
366 1618 406 1690 ad
420 1617 658 1690 honorandum
674 1617 844 1690 Bacchum
862 1617 1027 1700 instituta,
1046 1618 1171 1690 accitur
1189 1643 1197 1688 ε

265 1767 360 1838 illum
400 1765 558 1838 invocant
598 1779 705 1862 poetae
747 1767 781 1838 in
812 1765 1022 1838 celebrandis
1055 1769 1196 1850 Aurora,
1260 1765 1262 1769 ’
1302 1763 1306 1774 ’

263 1911 433 2008 Nymphis
451 1911 676 2006 Venereque:
700 1910 759 1982 sed
779 1909 956 2007 multiplex
977 1909 1066 1982 illius
1089 1935 1196 1982 usus:

262 2059 390 2154 quippe
407 2060 464 2154 qui
481 2081 548 2130 non
566 2057 779 2128 mediocritei
803 2057 938 2153 adjuret
964 2057 1081 2129 morbo
1099 2057 1198 2130 laho-

264 2219 392 2290 rantes,
420 2207 472 2277 rel
507 2204 754 2276 rnorihundos.'
774 2203 934 2300 Sequitur
963 2204 1041 2278 dcin
1077 2205 1196 2280 bellula
1309 2233 1311 2242 ·

265 2353 382 2426 labella
398 2353 441 2428 dc
460 2353 560 2426 Rosae
583 2367 658 2426 ortu
673 2377 748 2450 quac
766 2352 800 2424 in
821 2352 929 2424 lucem
946 2351 1070 2449 prodiit
1091 2377 1196 2456 quum

263 2497 412 2570 Venusia
428 2499 549 2582 Ponto,
567 2497 748 2572 Minervae
767 2497 877 2570 fronte
894 2497 986 2570 lovis
1004 2497 1196 2572 nasceban-

264 2659 330 2718 tur.
359 2645 460 2718 l'erra
485 2648 602 2718 contra
625 2649 643 2717 {a
665 2644 737 2716 Diis
755 2656 889 2716 nectare
914 2667 1050 2742 aspersa
1070 2643 1195 2718 Rosam

262 2789 379 2864 edidit.
396 2791 521 2864 'l'otum
539 2789 620 2864 illud
636 2814 770 2864 carmen
786 2763 820 2862 in
836 2815 905 2888 quo
927 2789 1012 2864 nihil
1032 2791 1120 2866 aliud
1143 2806 1195 2866 est

262 2938 328 3010 nisi
352 2950 452 3012 cento
481 2937 624 3012 diversis
654 2961 694 3012 ex
719 2935 844 3010 odariis
867 2935 1048 3024 conflatus,
1078 2963 1194 3014 nonne

241 3086 345 3158 ¹mire
359 3085 582 3160 conveniebat
603 3085 668 3158 illis
689 3085 801 3182 poetis
822 3085 936 3182 quiin
959 3084 1014 3158 dic
1039 3109 1191 3160 rosarum

260 3233 408 3305 earrrrine
423 3232 617 3306 certabam?
631 3232 718 3306 lllud
733 3231 822 3304 aliud
836 3244 1073 3329 argumentum
1089 3207 1192 3306 loan-

259 3383 314 3454 tlls
327 3381 543 3456 Gramntallcl
561 3381 672 3454 Gazaei
688 3391 769 3466 τίνας
786 3389 861 3454 εἴποι
882 3387 987 3478 λόγους
1009 3393 1028 3462 ἡ
1046 3373 1192 3482 dqpodr'au

259 3541 388 3611 ζητοῦσα
411 3540 459 3604 τὸν
481 3533 594 3604 Adoro
622 3531 775 3629 implevit
794 3543 911 3605 auctor
937 3532 1191 3640 qualiscumque

259 3678 417 3750 carminis
439 3677 532 3776 quod
555 3679 597 3751 ad
617 3679 834 3752 Theocritum
856 3677 1002 3753 refertur
1023 3701 1100 3750 cum
1125 3678 1190 3752 hoe

260 3823 355 3896 titulo
379 3833 420 3912 εἰς
440 3831 542 3920 alapas
564 3809 696 3908 duorum
718 3823 866 3920 illudque
889 3823 1030 3896 alterurn
1052 3822 1188 3920 Georgii
