3104 4958
445 799 545 861 VSQUE
563 799 620 848 SUB
638 797 732 850 Ftttntt
751 798 868 850 llll‘llllll
885 799 1010 848 nontam.
1179 804 1198 851 o

262 957 488 1032 celebritatem
514 957 719 1031 Anacreonti
738 979 872 1029 nocere.
897 953 995 1028 Nulla
1018 955 1123 1042 enim,
1143 979 1199 1030 me

255 1107 382 1203 judice,
402 1107 464 1179 alia
477 1131 576 1180 causa
590 1106 723 1204 gravior
736 1103 799 1177 luit
811 1129 872 1178 cur
887 1105 1025 1202 antiqua
1034 1105 1199 1204 paulatim

258 1254 482 1352 perderentur
497 1254 645 1327 carrnina
664 1275 767 1352 quam
781 1253 844 1326 ista
862 1219 1073 1328 consuetudo
1087 1254 1123 1326 in
1138 1277 1196 1326 co

258 1399 532 1482 messationibus,
561 1402 637 1472 conr
661 1401 730 1497 jam
759 1423 854 1472 coena
880 1399 1028 1474 secunda
1051 1423 1196 1499 appone·

258 1567 364 1640 retru,
387 1551 552 1627 recitandi
578 1551 726 1625 cannino
751 1551 792 1624 ad
817 1551 1083 1651 compotandum
1109 1553 1197 1627 exei-

258 1702 382 1774 tantia:
396 1699 539 1798 quilibet
550 1700 655 1798 igitur
668 1725 762 1772 suam
774 1701 949 1799 stropham
961 1702 1015 1774 vel
1021 1701 1192 1788 demebat,

258 1849 309 1923 vel
323 1847 500 1947 adjiciebat
514 1871 523 1932 ;
541 1871 620 1920 mox
636 1848 701 1945 ipsi
714 1849 1125 1946 compotatorosservulis
1140 1873 1192 1924 re.

256 1999 452 2094 legaverunt
464 2019 577 2070 curam
592 1994 766 2068 ediscendi
781 1996 992 2094 canendique
1004 1997 1194 2071 convivales

255 2143 449 2216 cantilenas.
462 2143 586 2216 Audite
596 2143 821 2216 certissimum
835 2144 933 2217 Gellii
945 2145 1194 2220 testimonium:

314 2321 329 2358 ι
358 2291 423 2364 Ubi
448 2291 569 2366 eduliis
593 2291 686 2376 linis,
716 2303 750 2366 et
772 2292 903 2390 poculis
927 2317 1006 2366 mox
1029 2293 1192 2378 sermoni·
1219 2371 1224 2380 ,

259 2468 273 2503 c
307 2437 442 2535 busque
455 2452 591 2536 tempus
605 2433 681 2523 luit,
699 2437 915 2512 desiderarit¹
939 2438 1109 2516 Antonius
1120 2439 1190 2512 lu-

239 2615 271 2681 ¹‹
300 2587 365 2660 lius
387 2586 503 2660 rhetor
521 2585 673 2660 exhiberi
695 2611 783 2684 quos
802 2609 880 2660 eum
903 2585 1186 2664 adolescenteme

255 2761 270 2800 c
297 2740 388 2808 terri
410 2733 490 2807 Asia
506 2733 632 2807 habere
647 2733 775 2806 sciebat
788 2733 990 2807 scitissimos
1008 2735 1187 2833 utriusque

253 2908 268 2945 ι
297 2885 413 2965 sextis,
431 2879 490 2977 qui
508 2891 669 2954 canerent
686 2903 769 2954 voce
790 2894 825 2953 et
844 2879 902 2976 qui
924 2877 1128 2976 psallerent;
1146 2905 1185 2956 ae

253 3055 268 3093 ι
297 3041 517 3125 posteaquam
540 3026 725 3100 introducti
752 3027 847 3125 pueri
868 3026 1058 3124 puellaeque
1086 3041 1180 3116 sunt,

255 3206 271 3242 c
293 3175 484 3272 iucundum
504 3175 539 3248 in
563 3175 701 3248 modum
717 3183 928 3273 ἀνακρεόντεια
948 3175 1112 3273 pleraque
1126 3203 1185 3252 ce-

252 3355 268 3389 c
295 3324 501 3397 cinerunt.»

294 3469 360 3543 Sed
379 3485 560 3569 antequam
577 3495 616 3562 ea
629 3471 800 3544 discerent
813 3471 927 3544 famuli
942 3473 978 3544 in
997 3471 1123 3545 scholis
1138 3473 1181 3546 ad

244 3605 332 3678 lrane
344 3605 557 3706 disciplinam
578 3607 755 3694 institutis,
771 3610 840 3706 jam
857 3631 875 3678 a
896 3607 1044 3680 dominis
1056 3631 1183 3680 sensus

242 3768 277 3826 et
308 3755 409 3830 verba
436 3759 506 3830 veri
533 3757 756 3830 Anacreontis
785 3756 954 3828 immutari
982 3756 1181 3830 omnimodo

280 4024 289 4054 ¹
308 4025 364 4076 nul.
381 4027 447 4086 Get,
464 4029 535 4080 Noct.
548 4035 606 4089 att.¹
619 4029 681 4089 xlx,
695 4030 720 4079 9.
