3104 4958
335 653 373 702 DE
392 651 598 714 astruentis
617 653 778 704 cannuca
798 652 1109 704 ANAGREONTICORUM.
1154 655 1186 702 57

255 803 317 874 iter
330 800 502 886 indicavit,
516 800 650 896 plurimi
666 803 777 873 statim
791 803 841 874 vei
857 799 1017 883 editores,
1032 801 1082 874 vei
1097 823 1186 874 conr·

255 961 457 1020 mentatores
468 947 561 1022 illurn
575 949 681 1021 secuti
695 963 788 1022 sunt.
809 949 943 1021 illorum
956 971 1020 1046 ego
1033 971 1100 1020 non
1116 949 1189 1020 ion-

253 1093 426 1191 gissimam
454 1094 573 1168 seriem
597 1093 800 1190 recensebo.
829 1094 1085 1167 Eruditissimos
1109 1093 1189 1166 satis

255 1242 299 1314 sit
320 1243 493 1314 norninarc
512 1239 686 1325 Bothiunr,
708 1240 817 1324 1805,
839 1241 974 1337 Lipsiae,
998 1240 1076 1310 Ant.
1102 1240 1183 1310 Mae-

256 1385 362 1469 bium,
381 1383 489 1472 1810,
508 1387 615 1472 Halae,
630 1401 663 1460 et
678 1387 772 1459 illurn
786 1387 844 1484 qui
862 1387 1014 1459 omnium
1030 1385 1190 1483 operibus

256 1555 339 1602 usus
348 1542 413 1616 est,
427 1531 615 1627 adjecitque
627 1532 910 1605 luculentissimas
921 1530 1186 1614 observationes,

256 1699 388 1748 necnon
409 1675 622 1748 doctissimos
645 1700 826 1760 excursus,
854 1677 1091 1750 Methornium.
1119 1678 1190 1750 Ea-

255 1821 333 1894 dem
359 1821 427 1894 ser‘e
455 1846 574 1894 onmes
606 1823 852 1896 concludebant
882 1837 982 1920 atque
1011 1823 1184 1897 Fisherus.

256 1967 355 2040 Solus
370 1967 433 2040 Th.
448 1967 614 2064 Bergkius
626 1968 684 2064 qui
699 1967 836 2064 Lipsiae,
854 1967 963 2052 1851,
978 1967 1083 2040 edidit
1097 1969 1189 2040 Ana·

256 2115 402 2186 creontis
414 2114 601 2186 carminum
613 2112 784 2208 reliquias,
797 2113 881 2184 nihii
897 2113 1035 2184 omuino
1050 2114 1085 2184 in
1100 2115 1190 2185 Ana-

256 2263 434 2336 creonticis
461 2263 636 2358 antiquurn
663 2286 739 2334 esse
760 2260 862 2345 dixit,
891 2263 968 2332 cum
992 2261 1075 2332 nihii
1101 2261 1190 2334 aliud

255 2413 355 2507 quam
374 2411 560 2509 fragmenta
576 2407 675 2481 variis
694 2410 727 2480 in
747 2406 968 2505 scriptoribus
984 2431 1112 2503 sparsa,
1132 2431 1192 2480 re·-

257 2558 402 2655 coltegit,
420 2559 618 2654 nullumque
632 2556 822 2629 odariorurn
839 2567 913 2651 quae
928 2565 1075 2638 exstant,
1091 2576 1192 2626 rece-

257 2708 317 2806 pit.
336 2707 491 2780 Veterem
505 2706 749 2778 anacreontem
768 2703 851 2775 mire
867 2701 1004 2798 quidem
1020 2701 1053 2772 in
1069 2699 1158 2798 praes
1173 2741 1191 2756 -

259 2856 348 2928 tione
361 2850 845 2951 longiuscularepraesentavit,
856 2847 938 2946 quid
948 2852 1029 2922 vero
1042 2847 1084 2920 de
1096 2847 1193 2920 novis

257 2999 463 3074 carminibus
472 3009 624 3070 censeret
636 2995 758 3068 addere
769 3019 837 3066 nou
852 2994 1009 3090 dignatus
1021 3004 1086 3076 est,
1098 2991 1194 3088 quasi

260 3147 388 3220 nulium
406 3169 523 3220 eorum
542 3167 604 3242 pro
617 3143 776 3240 genuinis
791 3141 992 3214 admitteret.

304 3293 402 3366 lilurn
421 3295 501 3365 vcro
516 3293 584 3386 jarn
604 3299 844 3386 praecesserant
865 3282 1106 3381 sapientissimi
1121 3283 1191 3354 cri-

258 3439 324 3514 tici.
362 3439 461 3511 Fred.
494 3438 576 3508 Dav.
609 3435 782 3508 Groeterus
812 3457 901 3505 anno
945 3430 1041 3502 17911
1070 3428 1193 3524 Lipsiae

257 3585 405 3660 libellum
442 3587 492 3656 sic
522 3584 722 3680 inscripturn
754 3580 894 3678 protulit
929 3603 936 3648 :
972 3573 1192 3648 Anacreontis

256 3731 423 3803 cantilinae
446 3729 613 3803 translatae
634 3741 733 3825 atque
759 3727 949 3824 explicatae,
974 3721 1083 3794 serius
1105 3718 1192 3792 harre

258 3893 459 3952 extensurus
490 3878 688 3950 sententiani
723 3901 798 3972 qua
823 3876 950 3946 tautum
981 3865 1192 3939 indicabatur
