3104 4958
478 629 653 680 uuauanrto
673 629 701 678 u·
722 631 822 680 rurrnu
840 631 968 680 (tritura.
1161 635 1192 682 ra

260 783 405 858 disertos
425 785 580 857 homines
595 783 685 868 sarit,
709 797 745 856 ut
766 783 923 857 Horatius
944 788 1060 858 merito
1082 788 1193 860 dicere

262 938 394 1034 possit¹
412 963 420 1008 ε

383 1156 438 1219 Nec
452 1155 473 1214 si
488 1156 558 1236 quid
573 1157 642 1216 olinr
660 1155 727 1218 lusit
744 1161 891 1221 Anacreon

441 1255 552 1315 Deiecit
566 1264 647 1326 aaran

266 1517 350 1604 Quae
376 1517 511 1614 quidem
535 1529 720 1614 supersunt
756 1516 942 1612 fragmenta
969 1518 1066 1590 nobis
1102 1543 1187 1600 corn·

262 1670 409 1769 probant
435 1671 519 1744 nihil
544 1670 724 1768 sapphicis
753 1670 920 1742 caloribus
955 1671 1074 1745 cedere
1107 1667 1195 1746 Aua-

262 1825 409 1898 creontis
451 1825 598 1908 Musam,
640 1848 700 1896 seu
741 1821 941 1898 Cleobuiunr
980 1827 1103 1898 auroris
1143 1829 1195 1898 sui

262 1977 454 2062 admoneat,
471 1979 540 2049 sive
555 2001 591 2050 se
610 2002 720 2053 arnare
742 1991 774 2050 et
794 1969 861 2050 non
878 2003 1002 2064 amare,
1026 2005 1062 2053 se
1087 1980 1195 2053 surore

262 2147 297 2204 et
311 2155 377 2203 non
394 2129 503 2204 furere
518 2131 677 2213 clamitet,
694 2155 754 2204 seu
774 2155 917 2227 puerunt
934 2133 1081 2228 puellare
1100 2146 1196 2206 tuen-

265 2299 333 2354 teni
346 2282 503 2378 requirat.

313 2435 485 2531 Nusquam
519 2448 637 2508 contra
667 2437 700 2508 in
733 2435 912 2534 sexagenis
948 2435 1011 2505 iliis
1041 2434 1198 2506 odariolis

234 2675 238 2684 Ι
266 2585 365 2660 nobis
391 2601 565 2660 succurret
590 2589 661 2660 lraer
689 2589 800 2660 vivido
823 2587 928 2660 amori
944 2588 1049 2659 oratio
1065 2611 1196 2659 accoro-

269 2737 411 2811 rnodata.
441 2743 443 2746 ’

314 2893 435 2965 Nescio
453 2893 534 2988 quid
550 2891 765 2990 ingeniosum
788 2895 877 2988 saepe
900 2891 989 2962 inest
1011 2917 1048 2962 ac
1064 2890 1198 2986 frigidu-

267 3045 334 3116 rum
371 3067 534 3140 paencque
565 3057 769 3116 mortuum:
805 3042 922 3116 credas
954 3063 1198 3136 nonnunquam

265 3195 336 3270 ilias
349 3195 489 3270 belluias
504 3195 737 3268 cantiunculas
753 3192 867 3265 audire
886 3193 1062 3265 amatorias
1083 3192 1199 3288 quates

265 3347 386 3421 edebat
413 3373 502 3422 unus
526 3373 568 3422 ex
596 3348 804 3421 nostratibus
835 3349 980 3420 Doratus
1008 3345 1071 3418 sub
1096 3345 1199 3416 fiuern

266 3495 373 3568 octavi
392 3510 426 3569 et
447 3495 567 3568 decirni
595 3495 734 3567 saeculi:
763 3495 797 3566 in
825 3491 1071 3567 anacreonticis
1087 3490 1200 3562 ornnia

266 3672 365 3744 vaga;
391 3671 452 3720 nec
476 3647 660 3732 Smerdias,
689 3672 750 3733 nec
772 3645 970 3729 Cleobulus,
997 3666 1059 3715 nec
1082 3639 1202 3740 puellae

301 3889 306 3914 ¹
329 3888 431 3946 iiotacc,
452 3888 471 3944 i,
486 3887 512 3943 9,
527 3885 551 3933 9.
