3104 4958
420 833 519 895 USQUE
539 833 596 880 stm
616 831 709 880 Fluunt
730 830 846 879 tutrutttt
864 831 990 882 nouum.
1157 839 1173 887 5

235 996 375 1070 adeum
392 993 483 1064 misit
507 1011 625 1062 navem
646 988 892 1087 quinquaginta
909 991 1011 1062 remis
1027 991 1173 1064 instruc-

238 1159 320 1228 tam,
337 1155 375 1214 ut
388 1140 539 1213 Athenas
555 1139 680 1232 majore
696 1160 773 1208 oum
797 1143 923 1234 pompa
941 1138 1177 1236 ingrederetur

237 1303 339 1388 poeta
360 1285 496 1371 nobilis,
516 1283 667 1380 proiecto
685 1283 781 1378 juxta
802 1283 997 1355 Homericos
1018 1309 1176 1358 camenas

242 1441 363 1535 hpatre
377 1431 648 1529 collectaslyrici
659 1429 730 1502 Teii
740 1429 1033 1504 ·vcrsuscoilocare
1043 1431 1172 1503 debuit.

290 1587 341 1658 Ex
356 1583 420 1658 hac
432 1583 541 1654 Attica
555 1580 704 1653 editione
716 1585 840 1652 venere
853 1579 927 1652 sinc
940 1579 1044 1654 dubio
1060 1590 1177 1677 postea

244 1732 295 1805 rel
308 1753 404 1804 norae
413 1728 594 1814 editiones,
607 1728 659 1801 ret
672 1727 973 1800 commentationes
981 1727 1180 1804 Alexandri-

245 1903 365 1952 uorum
378 1877 584 1951 criticorum.
603 1875 654 1948 iili
672 1878 749 1947 chm
770 1899 898 1948 canona
915 1899 1036 1948 uorem
1057 1877 1180 1974 lyrico-

242 2053 320 2100 rum
332 2027 582 2099 constituerunt
596 2037 674 2121 post
686 2023 869 2095 Pindarum
885 2037 918 2096 et
928 2025 1177 2122 Bacchylidem,

248 2172 484 2246 nominabatur
500 2173 674 2244 Anacreon
688 2173 784 2266 juxta
800 2162 916 2266 poetas
939 2201 954 2237 r
973 2175 1060 2242 trudo
1074 2178 1181 2244 omnis

248 2323 373 2414 lyricam
381 2331 578 2392 rrrauoccrat
591 2323 742 2402 tracuus,
756 2347 772 2384 s
788 2329 825 2389 ut
838 2317 938 2390 verha
952 2320 1087 2390 incerti¹
1104 2343 1180 2391 auc·

249 2469 331 2540 toris
354 2490 528 2564 usurpem.

297 2621 366 2693 Nec
381 2618 489 2692 detuit
508 2616 714 2692 carminibus
736 2617 841 2713 hujus
865 2617 1084 2690 recensendis
1102 2619 1182 2691 iho-

250 2790 324 2838 rum
341 2765 522 2864 indagatio.
540 2767 629 2838 Ante
649 2787 769 2837 omncs
785 2764 980 2838 Zenodotus
996 2765 1180 2863 Ephesius,

250 2913 535 3010 quemadmodum
550 2923 693 2986 testatur
707 2913 886 2986 scholiasta
896 2913 1070 3000 Pindari2,
1088 2915 1184 2986 Aua-

252 3061 399 3134 creoutis
414 3059 562 3132 carmina
574 3062 643 3156 iam
659 3060 726 3132 situ
743 3059 921 3134 vetustatis
934 3059 1080 3133 obducta
1096 3084 1186 3158 pur-

251 3227 331 3298 gare
352 3227 390 3276 ac
409 3227 571 3276 renovare
591 3203 738 3276 instituit
757 3229 766 3276 :
787 3217 820 3277 ot
839 3205 1029 3295 emendatio
1049 3207 1184 3304 quidem

253 3353 331 3448 plus
345 3377 442 3448 aequo
455 3352 564 3424 audax
579 3365 614 3426 et
628 3354 815 3426 temeraria.

298 3499 384 3572 Post
398 3499 491 3572 idum
508 3499 752 3597 Aristophanes
773 3501 1055 3599 Aristarchusqnc
1072 3504 1126 3575 ide
1139 3503 1187 3574 r-ci

250 3646 379 3720 oriticae
400 3653 478 3722 rere
505 3672 628 3746 parcns
651 3649 933 3724 Anacreonticum
957 3661 1085 3723 textum
1110 3651 1188 3726 tima

294 3943 300 3972 ¹
322 3945 380 3996 hut.
397 3946 460 4008 rat,
476 3961 500 4009 p.
515 3947 558 4008 62,
576 3947 634 4010 mr,
649 3961 689 4011 cp.
705 3948 754 3998 inc.
770 3953 838 3996 auct,

294 4044 303 4072 ¹
322 4044 394 4095 rino.
406 4047 499 4110 Olym,
515 4048 556 4108 ru,
573 4047 613 4098 52.
