3104 4958
368 800 387 846 a
569 791 711 840 utsruuta
729 789 850 842 TElll'llS
869 789 1096 840 anacnrmnrtm

366 948 566 1049 jamdudum
582 959 722 1046 propter
742 948 947 1022 imitatorum
973 949 1024 1020 vel
1045 954 1300 1046 graecorumve!
1324 981 1325 986 ¹

368 1101 509 1174 fortasse
543 1119 758 1168 romanorum
792 1095 1055 1182 multitudinem,
1093 1099 1230 1172 nonnisi
1264 1100 1300 1172 in

367 1247 659 1346 grammaticorum
679 1255 712 1316 et
738 1243 884 1316 metricae
906 1243 1115 1333 studentium
1142 1245 1302 1320 manibus

367 1417 467 1468 veros
496 1393 671 1465 Anacreon
710 1403 791 1462 erat.
821 1389 1014 1464 Terentiam
1048 1393 1138 1464 enim
1176 1395 1303 1468 saeculo

365 1541 470 1616 Mami
489 1543 557 1639 jorn
578 1538 710 1614 videtur
729 1539 792 1610 ista
807 1537 930 1614 veteris
944 1548 1054 1636 poetae
1067 1539 1109 1612 ad
1127 1565 1301 1618 summurn

366 1690 560 1788 pervenisse
572 1687 623 1760 vel
639 1684 761 1760 oblivio
779 1685 834 1758 rel·
848 1683 988 1758 incuria.
1004 1684 1141 1784 Quippe
1157 1688 1214 1786 qui
1228 1713 1301 1762 non

365 1837 484 1912 audeat
521 1834 686 1906 affirmare
723 1857 791 1930 quo
822 1844 929 1906 metro
950 1834 1146 1907 ‘Anacreon
1185 1837 1308 1908 arataeo

365 1989 583 2082 composuerit
610 1986 813 2066 rantilenas,
850 1982 907 2056 sed
934 1981 975 2054 ad
1004 1981 1173 2079 publicam
1201 1987 1299 2082 quasi

366 2137 485 2208 lamam
512 2143 672 2232 provocat
697 2133 774 2204 oiun
801 2130 932 2204 diuiti:
965 2145 1108 2204 metrum
1135 2159 1198 2228 quo
1221 2159 1299 2210 me-

363 2296 494 2356 morant
509 2281 718 2356 Anacreonta
732 2283 843 2350 dulces
859 2245 1072 2374 composuisse
1097 2283 1295 2375 cantilenas.

412 2435 533 2508 Nonne
563 2441 702 2528 apparet
727 2428 805 2500 inde
828 2429 896 2524 jam
920 2428 1094 2502 haesitasse
1114 2429 1236 2505 doctos·
1260 2433 1298 2506 in

363 2587 453 2656 certa
472 2582 569 2654 metri
584 2584 661 2653 rere
678 2575 912 2650 Anacreontiei
923 2577 1157 2673 designatione
1175 2601 1184 2648 ε
1203 2579 1298 2675 quod

361 2727 498 2825 quidem
512 2727 567 2799 vix
583 2725 723 2821 intelligi
741 2738 870 2820 posset,
894 2725 958 2798 nisi
976 2723 1132 2799 admittas
1145 2727 1219 2800 illos
1234 2727 1298 2800 dtr-

363 2879 487 2951 lritasse
505 2899 641 2974 qnoque
654 2874 697 2947 de
716 2874 846 2972 origine
863 2887 913 2948 tot
929 2875 1121 2948 odariorum
1135 2901 1213 2974 quae
1224 2877 1297 2950 im·
1339 2913 1343 2918 ·

362 3025 569 3125 putabantur
589 3023 671 3097 'l'eio
693 3023 774 3108 vati,
799 3025 897 3119 eujus
916 3035 1044 3110 tamen,
1071 3025 1098 3096 si
1124 3024 1299 3100 oredimus

361 3175 537 3260 Athenaeo,
563 3173 709 3246 earmina
732 3172 847 3244 inore
867 3172 1034 3258 omnium,
1050 3186 1190 3271 propter
1210 3177 1296 3248 anti·

359 3287 536 3422 quitatem,
555 3322 613 3406 ait,
629 3331 663 3394 et
674 3318 936 3416 simplieitatem,
953 3319 1290 3396 circumferebantur.

413 3469 777 3569 Deipnosophistarum
799 3478 916 3540 auctor
936 3467 991 3541 ille
1015 3468 1074 3566 qui
1091 3479 1140 3542 tot
1161 3469 1294 3544 inutilia

360 3619 587 3725 cognoscebat
599 3619 711 3690 forsan
722 3615 822 3712 paulo
833 3614 1069 3690 animadvertit
1083 3617 1171 3690 lianc
1185 3617 1293 3715 ipsam

394 3828 401 3856 ¹
423 3825 588 3875 Terentianus
601 3819 711 3877 Maurae,
727 3815 802 3865 tato.
824 3815 890 3864 Libri
905 3815 956 3865 duo
968 3815 1137 3880 quaestionum
1152 3815 1293 3866 Anacreon·
1339 3797 1346 3806 ’

246 3927 249 3934 ’
359 3926 468 3984 ticenum,
477 3931 527 3970 non
542 3927 632 3980 parunt
645 3925 692 3964 nos
704 3908 824 3974 adjuvere
837 3909 901 3962 hane
921 3911 1106 3962 enarrationem
1124 3911 1298 3962 anacreontict.

358 4016 442 4074 nutris
457 4013 646 4067 adumbrantes.
