3104 4958
345 611 384 662 nn
404 609 608 674 nnntonnnnn
627 609 788 660 CARMINUM
808 609 1117 668 nnncnnon'nconnn.
1163 619 1196 668 45

265 750 410 834 Etienne
425 784 503 833 aveo
516 761 546 832 la
558 761 654 860 copie
668 764 789 857 grande
803 760 849 832 dn
862 761 1013 834 Votieno.
1031 764 1070 837 Je
1085 789 1128 838 ne
1142 789 1197 840 me

263 931 390 1006 repens
408 931 470 1005 pas
484 907 526 980 de
541 907 657 980 l'moir
672 905 872 980 ‹tolletionnd
886 907 930 981 de
947 933 1101 984 nouveau
1117 937 1196 988 aveo

263 1053 444 1152 i’oniginel.
462 1053 508 1125 La
527 1053 623 1152 copie
637 1053 772 1126 m’evait
786 1053 898 1126 in'dnit
917 1055 995 1150 plns
1012 1056 1116 1130 d’nne
1131 1058 1196 1132 sois

263 1223 305 1272 en
322 1223 449 1272 errent.
465 1231 481 1267 s

312 1349 463 1422 Primum
476 1349 612 1446 quidem
623 1347 861 1445 Stephanianae
873 1347 1032 1420 editionis
1042 1349 1194 1422 odedum

262 1503 349 1568 θέλω
364 1486 635 1594 λέγεινἈτρέιδας
649 1495 847 1568 vicesimum
869 1507 902 1567 et
924 1496 1059 1568 tertium
1082 1497 1193 1569 locum

262 1649 296 1720 in
320 1649 382 1720 hdo
400 1648 527 1746 sylloge
545 1647 730 1721 obtinebat.
753 1647 889 1743 Loquor
907 1649 996 1718 enim
1016 1647 1057 1719 de
1073 1673 1108 1721 re
1124 1651 1193 1744 jim

261 1793 364 1868 nulii.
388 1795 523 1892 Quippe
541 1795 783 1867 Anameontica
802 1794 951 1866 Vaticani
970 1794 1096 1866 codicis
1117 1796 1193 1868 ool-

261 1941 359 2013 deotio
374 1939 474 2012 hodi'o
490 1963 557 2012 non
574 1939 745 2012 invenitur
762 1940 797 2010 in
813 1939 1043 2036 manuseripto
1058 1940 1195 2014 Heidel-

262 2088 397 2185 bergam
422 2087 544 2172 relato,
568 2087 621 2160 cni
643 2111 721 2183 pars
747 2099 895 2158 extrema
921 2085 1000 2160 inde
1026 2091 1043 2158 d
1072 2089 1194 2186 pagini

260 2234 397 2308 ncxlv
410 2233 516 2307 deest.
534 2231 686 2331 spatenii
708 2232 811 2330 igitur
825 2245 858 2304 et
873 2232 1051 2330 Levesqnii
1066 2234 1192 2310 editio-

260 2407 322 2454 nes
339 2381 438 2454 nobis
452 2405 513 2479 pio
530 2379 643 2454 codice
658 2377 887 2452 habebuntur.

310 2531 345 2600 ln
362 2529 418 2601 illo
434 2539 544 2601 autem
563 2525 605 2600 de
623 2551 691 2624 quo
709 2526 880 2622 loquimur
898 2547 967 2598 non
987 2525 1080 2597 solus
1093 2525 1193 2598 dna-

144 2749 148 2756 .
259 2701 360 2749 oreon
384 2675 619 2749 nontinehetm
642 2699 651 2745 :
676 2674 711 2744 in
732 2671 844 2744 indice
864 2671 955 2744 enim
978 2671 1192 2770 Anthologiae

257 2827 329 2923 qni,
351 2827 380 2896 si
403 2824 572 2896 oredimus
597 2821 802 2894 doctissimis
824 2818 970 2892 testibus
992 2819 1192 2917 perhibetur

257 2999 332 3046 esse
352 2973 461 3070 primo
481 2971 559 3044 sotio
575 2969 817 3067 agglutinatus
837 2977 915 3064 post
930 2967 1098 3039 veriorum
1117 2971 1191 3066 epi-

255 3128 456 3218 grammate,
474 3127 551 3214 post
565 3115 706 3188 Joennis
722 3113 932 3212 grammatici
952 3114 1063 3186 Gazaei
1078 3126 1192 3215 ἐκφρα-

256 3297 303 3338 σιν
328 3281 379 3338 τοῦ
403 3277 546 3360 κοσμικοῡ
569 3273 711 3347 πίνακος,
741 3273 819 3358 post
839 3260 1009 3333 Theocriti
1031 3260 1190 3360 Syringa,

256 3425 334 3511 post
351 3410 501 3484 Simmiae
515 3417 675 3508 πτέρυγας,
696 3418 774 3504 post
793 3405 950 3480 Dosiadae
973 3410 1089 3501 βωμόν,
1113 3419 1191 3503 post

254 3557 421 3630 Bizantini
436 3565 493 3628 ὠὸν
504 3567 538 3630 et
552 3561 689 3638 πέλεκυν,
708 3553 771 3625 ista
786 3577 822 3626 se
836 3551 936 3624 nobis
953 3551 1094 3649 legende
1109 3549 1189 3626 ode-

254 3719 334 3778 runt
360 3729 369 3776 :
395 3709 442 3778 ἴδε
474 3694 674 3799 Ᾰνακρέοντος
705 3695 793 3778 Τηΐου
820 3707 1012 3792 συμποσιακά
1043 3704 1191 3792 ἡμιαμὸια

254 3867 302 3930 καὶ
325 3849 554 3956 Α’νακρεόντια·
581 3859 630 3921 καὶ
653 3858 818 3947 τρίμετρα·
842 3857 891 3916 τοῦ
916 3853 1001 3940 ἁγίου
1029 3855 1189 3942 Γρηγορίου
