3104 4958
378 604 410 652 ,ut
630 597 793 646 uturouuu
814 591 1058 644 couruoruusus

376 761 426 818 τοῦ
449 753 587 843 beobo'you
612 752 644 816 ἐκ
669 761 725 816 τῶν
745 752 821 814 ἐπῶν
840 749 957 838 {aloysii
980 745 1128 839 deigeram.
1156 739 1223 810 Ner
1246 738 1315 811 tle-

377 906 458 966 suut
468 891 619 988 quaedam
634 890 780 970 brctluc,
797 887 977 972 Anastasii,
994 885 1129 984 ignatii,
1144 886 1317 958 Constan-

379 1038 455 1124 tini,
472 1035 760 1132 Tbeopbanisquc
774 1034 1028 1131 epigrammata.

429 1183 518 1256 Talis
538 1179 674 1278 quidem
697 1181 785 1254 tituli
808 1193 906 1252 tenor
925 1201 1041 1250 nonne
1062 1175 1195 1250 alumde
1216 1199 1320 1249 conr-

382 1327 501 1426 probat
529 1327 640 1423 ipsum
673 1324 880 1398 collectionis
906 1333 1077 1396 auctorem
1103 1321 1146 1394 de
1172 1323 1321 1394 maximat

380 1468 511 1548 illarum
541 1471 829 1544 cantiuncularum
862 1469 992 1568 origine
1023 1468 1217 1551 dubitasse,
1256 1493 1321 1542 tter

385 1643 504 1695 ausum
519 1643 593 1692 esse
612 1617 666 1690 illa
681 1617 794 1690 omnia
807 1617 1011 1690 Anacreonti
1024 1615 1160 1689 referre.

436 1767 472 1838 Si
496 1789 564 1838 iton
590 1763 703 1838 ercinia
724 1763 770 1836 illi
793 1763 1036 1845 attribuuntur,
1065 1785 1133 1840 riou
1158 1762 1321 1858 estquod

388 1913 439 1986 vel
456 1934 577 2009 pauca.
600 1909 672 1982 Sub
686 1911 792 1982 oculis
806 1921 902 1982 erant
920 1909 1060 1982 fortasse
1080 1908 1226 1982 odariola
1245 1933 1326 2004 quae

388 2059 485 2131 celita
509 2058 542 2128 in
569 2055 872 2130 comessationibus
900 2055 1068 2130 decantari
1098 2057 1325 2130 Anacreontis

389 2205 527 2280 nominc
548 2203 880 2277 circumferebantur.
905 2203 955 2278 Ne
976 2205 1207 2280 collectionem
1236 2204 1323 2300 qui-

388 2355 467 2426 dem
481 2365 584 2426 totam
601 2352 786 2433 babemus3
807 2349 932 2426 desunt
950 2353 1099 2426 trimetra
1115 2377 1123 2424 :
1142 2375 1203 2426 nec
1221 2349 1324 2424 nobis

389 2499 532 2572 multum
550 2499 770 2572 desideranda
784 2497 952 2572 videntur.
976 2500 1061 2572 Nam
1082 2498 1206 2598 saepius
1227 2497 1326 2572 abest

387 2645 507 2742 judicii
521 2644 702 2730 subtilitas,
718 2646 978 2744 intelligensque
992 2647 1040 2718 rei
1053 2644 1220 2718 litterariae
1230 2643 1326 2741 judi·

389 2794 493 2876 cium,
517 2793 594 2864 clun
616 2803 732 2864 auctor
752 2817 909 2865 corenam
931 2793 1020 2866 illam
1039 2793 1325 2891 elegantissimam

390 2938 548 3036 Meleagri
575 2961 709 3012 necnon
731 2940 831 3014 simul
846 2940 1101 3040 Philippensem
1118 2953 1152 3014 et
1169 2941 1327 3014 collecti·-

391 3086 478 3158 tium
507 3084 659 3184 Agathiac
688 3087 937 3184 Myriennensis
969 3111 1056 3186 opus
1087 3087 1178 3185 quod
1211 3093 1328 3169 Κύκλος

388 3230 639 3306 inscribebatur
655 3233 728 3306 sine
746 3234 878 3320 ordine,
893 3235 968 3310 sine
984 3235 1115 3310 delectu
1131 3236 1183 3310 uel
1199 3235 1327 3322 reddit,

389 3378 441 3452 vel
461 3379 552 3476 quod
572 3377 694 3454 foedius
715 3392 780 3465 est,
804 3382 925 3456 misere
947 3393 1073 3465 curtat,
1100 3383 1326 3481 ‹.1uerrradmo-

392 3524 473 3598 diun
490 3525 525 3598 in
541 3525 751 3623 longiusculi
766 3527 961 3624 praefatione
977 3529 1168 3627 profitetur.

443 3669 509 3746 Sed
531 3672 571 3744 ad
597 3683 711 3748 nostra
736 3674 1086 3750 redeamusodariola
1111 3670 1323 3778 Α’νακρέοντια.

395 3817 462 3888 Ista
476 3815 647 3892 distinctio
661 3827 725 3917 quai
742 3823 847 3896 utitur
862 3825 1019 3898 collector
1033 3825 1272 3923 designaturus
1287 3852 1326 3898 ea
