3104 4958
448 602 625 656 ENlelATll)
645 606 674 654 ΙΝ
694 605 794 655 abrlvb
814 605 941 654 albanae.
1136 611 1166 660 77

230 777 388 850 perpessa
397 765 466 837 est3
489 779 551 826 nee
564 754 732 826 Homerici
748 756 920 828 ionioismi
934 757 1169 854 llippocrateis

228 911 356 984 similes
370 925 474 985 sunt:
497 911 757 1009 lleruclolusque
780 926 925 1008 quatuor
953 915 1071 987 ionicae
1087 916 1166 988 dia-

228 1061 305 1132 lecti
318 1061 447 1156 species
465 1062 648 1132 recenset¹.

279 1207 426 1280 bialeuo
442 1207 581 1280 fortasse
600 1205 652 1278 illai
677 1214 742 1304 quai
760 1207 874 1304 Lydiae
895 1207 996 1279 urbes
1013 1221 1050 1281 ut
1073 1211 1165 1281 mol-

232 1357 306 1426 liori
323 1381 359 1430 ae
377 1357 499 1428 laeciori
520 1381 602 1428 ursus
619 1369 684 1439 est,
702 1356 851 1452 prolecto
864 1358 932 1452 jam
949 1357 1051 1452 poliri
1066 1371 1165 1453 alque

226 1503 489 1599 elegantissima·
515 1503 644 1599 Nempe
662 1503 750 1574 illam
777 1502 1069 1576 conformaveram
1086 1517 1164 1602 post

228 1649 412 1724 Homerum
428 1649 626 1724 Archilocus
643 1650 901 1746 compluresque
913 1651 980 1722 alii.

279 1795 388 1890 Hujus
399 1794 535 1892 quidem
552 1794 682 1866 dialecti
696 1817 733 1865 ea
755 1805 873 1866 natura
894 1806 965 1866 erat
983 1807 1020 1866 ut
1037 1817 1163 1866 conso-

227 1944 390 2017 nantibus
411 1945 565 2040 aspiratis
582 1941 791 2028 abhorreret,
814 1944 979 2041 quidquid
1003 1969 1161 2042 asperum

227 2109 261 2165 cl
284 2091 517 2165 duriusculum
545 2093 676 2176 vitaret,
712 2094 759 2164 sic
793 2099 902 2186 μοκλὸν
936 2117 997 2190 pru
1035 2101 1159 2187 μοχλὸν,

228 2247 357 2320 ἐπίστιος
372 2263 433 2334 pro
451 2245 591 2336 ἐφέστιος.

278 2385 343 2457 Pro
358 2384 466 2457 tribus
486 2383 656 2457 vocalibus
673 2384 714 2457 ab
734 2383 873 2458 Ionibus
890 2384 1059 2482 pleniores
1078 2387 1160 2483 poni

855 2491 877 2527 Γ

226 2530 352 2615 solent,
370 2554 430 2628 pro
456 2567 488 2615 α,
512 2565 544 2614 η,
562 2548 699 2630 κρητῆρι,
723 2555 786 2629 pro
803 2564 833 2621 ο,
849 2564 897 2616 ου,
915 2543 1031 2628 κοῦραι,
1051 2556 1113 2628 pro
1131 2564 1159 2614 ε,

229 2709 272 2768 ει,
289 2691 395 2750 εἵνεκα.

279 2823 490 2898 Plenioribus
504 2825 572 2898 lere
588 2849 723 2922 semper
740 2826 774 2898 in
788 2824 906 2898 formis
919 2827 1036 2923 primae
1051 2824 1162 2898 decli-

227 2971 376 3044 nationis
387 2972 494 3044 ulilur
513 2972 688 3043 Anacreon
713 2978 798 3070 λύρη,
811 2945 943 3070 Ιπέτρης,
959 2981 1083 3070 σφαίρῃ,
1100 2979 1161 3042 lo-

226 3121 302 3196 δίην.
322 3124 464 3216 Σμερδίη.

276 3267 313 3336 ln
332 3264 523 3338 verbalibus
538 3264 655 3337 formis
670 3287 837 3361 nusquam
852 3264 920 3338 lere
935 3266 1060 3338 omittit
1074 3289 1163 3362 aug-

229 3423 395 3492 mentum,
412 3410 479 3482 imb
493 3409 619 3506 duplex
632 3411 800 3506 reperitur
816 3415 964 3492 ἐξυνήκεν.
984 3410 1059 3482 Non
1076 3433 1160 3482 con-

228 3555 372 3626 trabitur
384 3555 533 3627 seranda
549 3556 730 3652 singularis
746 3557 877 3628 numeri
894 3555 1004 3628 medio
1019 3580 1163 3652 persona

229 3707 432 3799 ἐπιστρέφεαι.

264 3883 270 3911 ¹
292 3885 394 3942 Herum,
410 3886 428 3940 Ι,
447 3884 503 3934 lla.
