3104 4958
383 621 415 686 tu
655 635 841 688 ratramnus
858 634 1042 686 nummum.

384 787 591 859 mutilatione
617 811 658 859 au
678 785 801 884 lingue
820 785 1006 868 avulsione,
1032 785 1120 856 seit:
1144 808 1210 854 non
1227 806 1320 881 opus

382 944 434 1006 est
453 931 507 1002 hie
524 955 630 1027 graeca
653 931 803 1030 proferre
821 931 935 1016 verba,
963 929 1029 1002 nisi
1052 929 1164 1027 ipsum
1179 929 1320 1002 initium

382 1092 410 1150 τί
427 1113 472 1151 σοι
491 1085 582 1162 θέλεις
601 1093 739 1178 nor-tam
766 1107 857 1154 nune
876 1082 999 1178 siquis
1018 1080 1200 1154 secundam
1222 1079 1314 1152 Gre-

382 1228 466 1324 gorii
488 1225 585 1300 oriam
612 1232 736 1300 attente
761 1228 891 1326 legerit,
918 1227 1069 1326 proiecti)
1086 1237 1201 1300 cernet
1223 1225 1316 1297 iiiam

383 1375 465 1448 nihil
487 1375 576 1446 aliud
601 1376 665 1448 nisi
688 1375 998 1472 eloquentissimam
1018 1387 1051 1448 'et
1075 1375 1320 1448 christianissi-

383 1547 468 1594 mam
490 1523 712 1596 anacreontioi
729 1522 867 1595 otlarioii
891 1523 1125 1606 imitationem,
1148 1547 1224 1618 quau
1245 1522 1316 1594 sor·-

383 1673 468 1740 tasse
499 1669 708 1766 longiuscula
734 1669 937 1766 quibusdam
961 1669 1065 1740 videri
1094 1671 1201 1766 possit
1230 1695 1238 1740 :
1278 1686 1315 1756 vat
1356 1639 1359 1642 Ι

381 1816 491 1910 quivis
510 1815 602 1886 inriti·
621 1816 828 1912 superiorem
851 1803 1025 1888 inventore
1045 1817 1245 1888 imitatorem
1265 1815 1316 1887 fa-

383 1961 518 2034 rebitur.

431 2109 514 2180 Rem
541 2110 692 2182 earmiem
723 2109 987 2182 animadvertere
1010 2122 1061 2180 est
1085 2108 1118 2182 in
1148 2107 1222 2179 ulis
1248 2109 1314 2180 So-

380 2251 514 2347 phronii
527 2275 637 2348 nuper
648 2252 688 2324 ab
701 2253 829 2350 angeio
840 2253 926 2324 Maio
937 2252 1059 2325 editis:
1078 2254 1316 2326 anacreontica

332 2405 336 2412 '
380 2417 485 2476 metro
501 2403 630 2476 ittuun
646 2401 814 2502 pleraeque
829 2403 1106 2485 conseribuntnr;
1123 2403 1312 2476 locutiones

377 2549 685 2621 auameontieorum
724 2572 859 2646 quoque
901 2562 1084 2620 ooourrunt
1121 2549 1171 2620 vei
1221 2537 1312 2620 aiiiul

376 2697 486 2792 agenti
510 2695 636 2766 ieetori.
661 2695 852 2766 Clarissima
877 2696 1030 2793 exempla
1054 2695 1203 2793 proferre
1218 2696 1309 2781 licet,

375 2841 581 2940 protulitque
593 2843 660 2938 jam
679 2813 831 2916 Starkins
854 2845 953 2942 eujus
970 2843 1067 2917 verba
1087 2867 1309 2942 expromam:

374 2991 500 3090 quippe
517 2989 641 3089 quihus
653 2993 789 3066 meliora
804 2993 955 3066 invenire
970 3017 1038 3065 non
1056 2991 1151 3066 sanilo
1166 2991 1310 3090 possim,

374 3161 496 3214 sensus
517 3165 558 3214 ex
576 3140 706 3214 intimis
729 3143 776 3214 rei
794 3143 918 3214 ernieae
943 3142 1130 3214 visceribus
1155 3157 1313 3240 sumptos

373 3286 474 3359 iatine
490 3287 730 3360 enuntiaturus
748 3301 819 3358 turn
839 3303 978 3385 propter
993 3288 1167 3360 infantiam
1183 3313 1307 3374 meam,

372 3447 443 3506 tum
463 3446 602 3531 propter
616 3433 756 3506 adhibiti
772 3436 938 3506 sermonis
957 3438 990 3509 in
1012 3437 1066 3510 his
1084 3436 1187 3510 rolms
1200 3439 1311 3536 expii-

275 3611 278 3616 ·
372 3581 487 3655 randis
503 3595 700 3680 egestatem.

424 3733 618 3818 «Carreum,
635 3734 824 3808 celebrandi
840 3735 946 3823 notio,
958 3751 995 3812 ut
1006 3737 1039 3809 in
1054 3737 1310 3828 Anacreonteis,

281 3971 290 3986 ι
373 3881 421 3950 sie
445 3881 532 3976 apud
554 3880 800 3978 Sophronium,
825 3885 980 3981 piurimis
1008 3887 1117 3961 modis
1144 3887 1308 3967 effertur:
