3104 4958
343 625 376 674 dd
595 619 758 673 DOGTORUM
776 621 1019 674 CONTROVERSIAE

346 803 362 842 ι
382 785 415 848 ct
429 799 470 846 ex
484 773 614 870 reliquo
629 797 746 847 eornm
764 773 895 858 ordine,
912 782 1043 846 constat
1060 767 1276 868 Stephanum

346 922 623 994 «Anacreontica
651 921 872 1018 descripsisse
900 944 941 993 ex
970 918 1084 991 codiee
1110 917 1277 991 Vaticano

345 1097 360 1134 r
379 1068 435 1140 aeri
446 1082 563 1165 postea
575 1070 744 1166 insculpto
757 1070 856 1141 edos.
871 1067 1046 1166 Spalettio
1060 1065 1152 1140 Idem
1166 1065 1276 1138 codex

345 1245 360 1284 r
380 1215 502 1290 deinde
516 1218 550 1289 in
566 1215 769 1290 bibliotheca
779 1215 931 1288 Parisino
943 1215 1124 1288 translatus
1135 1213 1277 1286 nomine

345 1393 361 1431 r
381 1366 605 1440 Anacreontis
618 1365 770 1440 Vaticani
784 1364 972 1439 cetebratos
987 1377 1050 1438 est.
1074 1393 1089 1431 i

387 1517 457 1590 Res
476 1517 627 1616 profecto
650 1517 814 1591 mirabilis
832 1541 975 1618 quaeque
994 1531 1109 1615 egeret
1130 1515 1275 1590 sortass‘c

340 1667 473 1739 certiori
486 1665 786 1762 demonstratione.
808 1665 875 1738 Sed
895 1664 1029 1738 duobus
1047 1662 1219 1736 codicibus
1234 1687 1274 1736 se

339 1839 439 1888 osum
454 1839 529 1890 esse
543 1817 672 1890 dixerat
689 1815 896 1914 Stephanus.
917 1813 987 1888 Neo
1005 1813 1149 1887 libenter
1166 1815 1272 1886 corti-

339 1987 398 2044 ceo
413 1964 644 2064 manuscripto
659 1962 762 2038 fidem
783 1963 968 2036 adhibuere
982 1961 1085 2034 docti.
1107 1959 1205 2033 Haud
1224 1961 1272 2033 ita

337 2113 396 2190 dtu
417 2125 495 2212 post
514 2113 727 2212 Stephanum
746 2111 976 2210 Tanegoidius
993 2109 1114 2204 Faber,
1125 2110 1211 2182 acris
1232 2109 1269 2182 in

337 2261 402 2334 hoc
428 2285 553 2360 genere
579 2276 612 2335 et
640 2261 876 2358 circumspecti
898 2258 1100 2356 judiciuin,
1123 2257 1268 2354 plurima

337 2409 528 2486 odariorum
546 2416 563 2484 a
579 2411 752 2510 Stephano
767 2410 935 2484 editorum
951 2406 1156 2482 Anacreonti
1170 2405 1269 2502 abju-

336 2561 487 2644 dicabat‚
527 2563 693 2659 longaque
722 2562 825 2658 hujus
841 2557 1019 2658 primariae,
1046 2554 1269 2628 dubitationis

337 2709 478 2806 vestigia
489 2721 738 2780 remanserunt.
756 2708 909 2804 Namque
921 2706 955 2777 in
968 2705 1025 2777 illo
1040 2703 1145 2802 Baylii
1159 2705 1268 2776 nostri

336 2853 506 2927 uberrimo
525 2863 624 2948 atquc
638 2852 767 2949 optimo
779 2853 938 2925 thesauro
948 2852 1020 2924 haec
1028 2873 1103 2948 quae
1111 2873 1268 2947 sequun-

335 3015 392 3077 tur
403 3000 547 3099 legenda
561 3023 636 3074 sese
653 2997 820 3072 offerunt:

389 3147 492 3245 «lly
517 3173 535 3222 a
556 3147 617 3221 des
639 3147 798 3244 critiques
819 3146 878 3244 qui
900 3169 943 3220 oe
967 3147 1096 3218 croient
1116 3167 1177 3241 pas
1200 3167 1267 3240 que

338 3311 451 3372 «tous
474 3297 523 3370 les
545 3320 621 3371 vers
644 3297 703 3393 qui
726 3307 868 3370 coureot
891 3293 1108 3392 aujourd’hui
1129 3317 1210 3366 sous
1235 3293 1267 3366 ie

338 3477 354 3515 ι
373 3471 452 3520 nom
468 3443 680 3518 d'Anaoreon
697 3443 806 3516 soient
825 3442 867 3515 de
885 3441 965 3514 lui¹.
992 3471 1007 3509 o

383 3597 511 3671 Deinde
524 3595 623 3692 paulo
634 3594 769 3690 longiirs
783 3593 818 3663 in
833 3595 901 3664 nna
914 3615 956 3662 ex
970 3590 1024 3662 his
1038 3585 1268 3661 luculentissi-

368 3885 377 3915 ¹
393 3887 475 3948 Barla,
490 3887 538 3936 rol.
555 3883 643 3946 1,edit.
660 3883 691 3934 de
704 3883 861 3944 Rotterdam,
877 3882 951 3944 trba,
967 3888 1015 3932 art.
1029 3879 1166 3930 Anacreon.
