3104 4958
329 627 369 678 bl:
387 625 594 689 nurtuulrnru
613 626 775 677 alumnum
795 621 1104 674 nuncuboumcuuum.
1149 623 1178 674 11

249 775 314 848 uris
331 775 459 849 notulis
475 773 601 871 quibus
618 785 815 872 apparatum
830 795 930 844 suum
945 771 1099 844 eminens
1116 773 1182 845 cri-

247 923 335 996 ticus
377 923 537 996 omnibus
579 921 848 1019 intelligentibus
879 921 1181 996 commendabilem

248 1069 340 1155 lecit,
358 1070 421 1144 ista
438 1070 684 1144 animadvertas
699 1068 799 1144 verba
814 1093 891 1167 quae
906 1069 1074 1168 depromit
1087 1072 1182 1170 Bay-

246 1221 312 1292 lius
332 1245 374 1292 ex
395 1219 537 1318 epistola
557 1223 576 1292 b
598 1219 793 1292 doctissimo
813 1219 885 1292 viro
905 1220 954 1292 De
974 1221 1006 1293 la
1024 1221 1181 1296 Monneie

245 1369 445 1466 prescripti.
463 1367 514 1440 Eu
534 1368 607 1464 ipsa
620 1365 800 1440 scribentis
812 1365 934 1440 verba:

299 1515 381 1588 «On
400 1515 454 1586 n’a
470 1539 530 1613 pas
543 1539 586 1586 eu
601 1513 643 1587 de
656 1513 730 1586 soin
741 1513 901 1611 jusqu’lci
915 1513 957 1586 de
970 1513 1136 1590 recueillis
1148 1531 1182 1592 et

244 1663 456 1738 d'eramiuer
468 1664 638 1761 plusieurs
654 1663 898 1762 particularites
916 1665 1089 1738 curicuses
1102 1677 1180 1740 tou„

243 1813 349 1886 ebant
361 1814 412 1888 les
425 1813 559 1912 poesies
571 1813 629 1910 qui
646 1837 733 1886 nous
747 1825 877 1886 restent
889 1813 1114 1888 d’Auacreion.

297 1989 314 2029 ‹
328 1961 380 2034 On
390 1987 409 2034 a
419 1961 497 2036 bien
508 1961 558 2034 dit
567 1985 634 2059 que
644 1961 748 2034 Henri
758 1949 904 2036 Etiennc
917 1961 966 2034 les
979 1985 997 2033 a
1010 1962 1180 2038 deterrees

242 2111 274 2183 le
294 2111 452 2208 premier,
477 2111 562 2182 mais
581 2135 647 2208 peu
666 2109 709 2184 de
731 2133 921 2207 personnes
940 2125 1058 2184 serent
1079 2115 1122 2186 ou
1144 2125 1179 2186 et

242 2256 427 2321 comment.
446 2245 494 2319 Ce
512 2246 563 2320 lut
580 2269 639 2318 sur
655 2245 686 2318 13
705 2258 905 2336 couverture
922 2247 1005 2320 d'un
1022 2247 1179 2320 11110311-

242 2395 319 2468 cien
333 2395 416 2493 qu’il
435 2409 553 2470 trouva
565 2395 654 2468 l’ode
670 2403 815 2494 Λέγουσιν
830 2405 859 2468 αἱ
876 2413 1027 2494 γυναῖκες,
1044 2420 1085 2468 30
1101 2418 1180 2494 rap-

244 2557 322 2642 port
342 2544 384 2618 de
405 2545 617 2630 Victoriusl,
640 2545 698 2642 qui
718 2545 760 2616 l’a
779 2546 911 2618 insere‘e
936 2567 978 2618 au
1002 2544 1181 2619 deuxierne

244 2691 327 2765 livre
339 2691 381 2765 de
396 2716 452 2766 scs
466 2692 618 2766 diverses
632 2693 760 2780 lecons.

300 2839 498 2938 «Iusque-la
511 2862 556 2913 ou
572 2839 778 2912 n’araitrien
790 2863 835 2912 vu
845 2837 1132 2937 d’nnaueonque
1142 2863 1181 2914 ce

281 3039 289 3067 ¹
308 3039 366 3089 llaec
377 3037 506 3088 scribebat
517 3037 549 3086 ad
559 3036 701 3112 §lictorium
714 3037 875 3100 Stephanus:
895 3035 1033 3098 Proferam,
1047 3044 1077 3086 ut
1095 3049 1180 3102 spero,

244 3134 390 3197 propediem
410 3133 604 3192 Anacreontem,
625 3133 722 3195 etjam
742 3133 903 3194 protulissem
923 3132 971 3181 nisi
989 3145 1031 3182 mo
1043 3145 1106 3182 rana
1124 3145 1182 3195 spes

245 3227 368 3278 tenuisset
384 3223 438 3276 lore
451 3231 480 3274 ut
493 3226 525 3275 ad
542 3225 595 3275 duo
607 3225 663 3288 ejus
681 3226 844 3290 exemplaria,
866 3238 924 3288 quae
941 3225 1048 3275 dirersis
1064 3226 1090 3276 in
1108 3227 1178 3287 locis,

243 3333 294 3370 uon
313 3319 368 3370 sine
386 3321 511 3370 immenso
530 3319 616 3370 labore
637 3319 751 3370 invenire
765 3319 829 3368 mibi
848 3319 967 3384 contigit,
991 3320 1096 3370 tertium
1109 3332 1182 3370 aoce-

242 3416 333 3466 deret:
349 3427 407 3464 uam
421 3427 452 3464 ex
465 3414 566 3464 duobus
576 3413 616 3464 his
629 3413 738 3464 alterum
752 3415 778 3463 in
793 3413 949 3474 membrana,
963 3413 1072 3464 alterum
1087 3413 1114 3462 iu
1128 3427 1183 3464 oon-
1230 3473 1232 3480 Ι

243 3510 293 3560 tice
306 3510 413 3570 arboris,
433 3509 557 3571 scriptum
574 3515 652 3558 erat:
676 3509 739 3558 illud
753 3507 888 3559 confusum
905 3515 932 3559 et
944 3507 1036 3556 alicubi
1058 3508 1183 3558 nonsatis

242 3606 405 3656 emendatum
425 3619 430 3654 :
457 3605 505 3654 boc
525 3605 589 3654 adeb
606 3605 749 3668 antiquum,
773 3612 802 3655 ut
823 3605 849 3654 in
861 3605 969 3670 singulis
992 3604 1076 3654 verbis
1095 3605 1182 3654 littera

242 3698 326 3761 aliqua
338 3695 578 3760 oculoslugeret3ut
591 3702 686 3748 taceam
697 3697 761 3747 adeo
769 3698 894 3748 ¹diversam
906 3697 983 3748 luisse
995 3698 1182 3748 elementorum

242 3791 348 3841 1011113111
363 3792 377 3840 'a
390 3792 493 3850 uostris,
509 3797 538 3840 ut
552 3792 622 3854 prius
634 3805 667 3842 an
682 3792 730 3853 legi
743 3791 821 3856 possit
836 3792 998 3854 cogitandum
1012 3789 1183 3854 interituram

241 3899 275 3934 an
287 3893 371 3949 possm
383 3886 500 3946 intelllgi.
794 3873 797 3876 ¹
