3104 4958
371 615 403 664 att
622 609 784 662 nuutottult
802 607 1046 660 CONTROVERSIAE

424 783 635 857 «Audiebam
648 807 732 880 puer
742 807 783 855 ex
797 782 968 854 Demetrio
977 779 1208 881 Chaleondylo
1218 809 1309 882 graec

370 958 482 1008 earum
500 956 611 1003 rerum
626 930 843 1028 peritissime,
859 927 1049 1001 sacerdotes
1065 955 1192 1028 graecos
1210 938 1307 1005 tanta

367 1081 520 1154 lloruisse
534 1079 728 1151 auctoritate
742 1077 831 1175 apud
848 1077 996 1151 Caesares
1008 1080 1227 1176 Byzantinos
1245 1093 1300 1167 ut,

366 1229 496 1324 integri
531 1249 647 1296 eorum
686 1225 803 1321 gratia,
841 1225 1014 1321 complura
1049 1225 1092 1298 de
1129 1226 1304 1300 veteribus

365 1373 490 1446 Graeeis
519 1384 671 1470 poemata
702 1369 965 1456 uonrbusser‘mt,
984 1372 1019 1442 in
1045 1372 1231 1468 primisque
1261 1397 1304 1446 ea

366 1519 423 1590 olri
450 1515 593 1602 amores,
623 1531 739 1613 turpes
763 1515 860 1586 lusus
886 1527 920 1586 et
941 1515 1100 1612 nequitiae
1126 1529 1301 1590 amantum

366 1665 641 1746 continebantur,
658 1676 757 1760 atque
773 1662 817 1733 ita
832 1661 1021 1746 Menandri,
1036 1661 1184 1758 Daphili,
1198 1661 1304 1760 Apol-

363 1811 482 1895 lodori,
513 1811 722 1882 Philemonis
759 1809 873 1884 Alexis
896 1807 1045 1894 fabellas,
1072 1823 1105 1882 et
1120 1807 1295 1906 Sapphus,

361 1958 511 2042 Erinnae,
529 1958 755 2040 Arrorraollls,
774 1957 978 2040 Mimnermi,
1003 1956 1132 2040 Bionis,
1156 1957 1301 2030 Alema-

363 2105 430 2188 nis,
473 2102 573 2175 Ateaet
605 2106 751 2176 ‹urrnina
773 2103 1017 2175 intercidisse:
1058 2120 1129 2176 tum
1155 2129 1215 2200 pro
1241 2105 1298 2179 his

358 2249 538 2322 substituta
561 2251 765 2323 Nazianzeni
792 2249 898 2320 nostri
920 2261 1086 2346 pennata,
1111 2275 1199 2346 quae,
1228 2255 1295 2326 etsi

356 2399 503 2470 excitant
521 2396 651 2468 animos
668 2408 860 2468 nostrorum
877 2394 1054 2467 hominum
1075 2395 1115 2468 ad
1137 2397 1293 2496 llagran-

358 2546 476 2616 tiorum
492 2542 552 2614 llei
578 2541 719 2626 oultum,
747 2565 815 2614 non
840 2553 950 2613 [arnan
968 2542 1149 2614 verborum
1170 2543 1292 2617 attico·-

354 2715 429 2762 rum
456 2689 694 2786 proprietatem
721 2703 754 2762 et
787 2714 903 2787 graecae
934 2689 1060 2788 linguar
1086 2691 1288 2788 elegantiam

353 2835 507 2909 edocent.
525 2835 824 2932 Turpiterquidem
836 2823 1028 2908 sacerdotes
1039 2836 1095 2908 isti
1108 2837 1143 2908 in
1155 2849 1289 2910 veteres

351 2984 486 3056 Graecos
507 2984 658 3056 malevoli
680 2983 829 3067 luerunt,
846 2983 905 3055 sed
927 2983 1143 3080 integritatis,
1162 2983 1286 3081 probi*

352 3133 429 3207 tatis
446 3147 478 3205 et
491 3133 662 3230 religionis
672 3132 853 3203 maximum
863 3130 985 3202 dedere
999 3131 1242 3203 testimonium.
1264 3163 1280 3200 a

399 3275 490 3362 Talia
504 3272 604 3346 verba
616 3274 650 3343 in
667 3297 724 3343 ore
735 3269 934 3367 gravissimo
947 3269 1115 3340 lohannis
1126 3268 1282 3344 Medieoei

348 3424 406 3524 qui
424 3425 539 3521 postea
557 3419 720 3516 dignitate
737 3416 955 3516 pontificatus
974 3430 1106 3502 auctus,
1128 3417 1196 3489 Leo
1214 3417 1282 3491 lle·

347 3578 455 3650 oimns
476 3573 551 3658 suit,
574 3571 710 3670 reponit
733 3569 929 3666 tlloyonius.
950 3567 1047 3641 Haud
1065 3568 1221 3665 equidem
1243 3571 1279 3642 in

345 3723 400 3796 his
416 3721 477 3794 alia
491 3722 590 3818 quim
606 3739 682 3814 quae
702 3715 919 3788 eontinentur
933 3713 1081 3812 reperire
1096 3713 1195 3787 velim
1215 3740 1223 3785 :
1246 3730 1279 3790 at

230 3906 234 3914 ·
345 3873 434 3944 uerte
457 3879 656 3966 argumento
678 3862 872 3938 firmissimo
893 3862 1131 3962 comprobatur
1155 3887 1280 3938 nume-
