3104 4958
394 837 409 894 t
599 845 738 894 ms'ronn
758 835 877 893 'terres
897 837 1125 894 ranacnnoarrat

394 1015 477 1089 crat,
498 1003 710 1100 multumque
726 1027 786 1101 per
800 1003 882 1076 illud
906 1003 1045 1101 longum
1062 1002 1225 1101 temporis
1242 1023 1329 1098 spa-

393 1151 478 1222 tium
501 1149 629 1222 discere
643 1161 828 1247 potuerant
843 1151 999 1224 homines
1012 1161 1110 1223 terrae
1124 1146 1328 1246 ingeniosis·

394 1300 468 1370 simi
481 1300 513 1370 in
527 1298 736 1371 rebusvitam
746 1297 1008 1372 commodiorem
1020 1297 1333 1396 elegantioremque

396 1448 605 1521 facientibus.
628 1445 725 1534 Quod
750 1448 778 1519 si
801 1447 923 1544 vulgus
944 1459 1048 1520 artem
1076 1445 1333 1519 scribendine

394 1593 506 1674 sciret,
527 1593 635 1688 poetis
657 1589 806 1688 prolecto
826 1591 881 1662 illa
907 1590 1019 1664 notior
1042 1604 1124 1662 erat.
1148 1591 1328 1662 Anacreon

394 1753 504 1812 antem
534 1739 671 1836 regibus
694 1737 962 1837 acceptissimus,
989 1739 1154 1838 Polycrati
1182 1751 1328 1834 tyranno

392 1891 585 1984 παιὸάγωγος
609 1885 778 1970 admotam,
813 1886 840 1958 si
866 1885 1001 1959 credere
1026 1887 1106 1981 licet
1133 1883 1324 1969 Himeriol,

393 2033 471 2104 dein
500 2031 608 2126 eidem
633 2033 858 2106 amicissimus
878 2048 927 2117 ut,
952 2035 1148 2106 Herodot02
1176 2049 1329 2118 anctore,

392 2181 443 2252 vel
469 2180 688 2250 maximarum
710 2203 823 2253 rernm
848 2180 942 2252 testis
965 2179 1195 2264 adhiberetur,
1223 2193 1329 2253 artem

393 2329 562 2402 scribendi
583 2329 732 2425 prolecto
751 2329 957 2426 exploratam
979 2329 1109 2402 lrabuit.
1138 2330 1206 2402 Nec
1234 2330 1330 2402 aliter

393 2481 482 2553 enim
499 2479 572 2578 ipse
586 2481 733 2552 carmina
758 2479 842 2550 tueri
863 2503 901 2550 ac
922 2503 1120 2552 conservare
1146 2480 1326 2575 potuisset,

396 2632 471 2699 atrro
501 2627 599 2698 modo
621 2627 693 2711 Tei,
723 2627 823 2699 modo
847 2627 950 2712 Sami,
978 2615 1049 2698 tam
1073 2626 1228 2711 Athenio,
1254 2639 1327 2699 tmn

395 2773 537 2845 Abderae
552 2774 685 2858 vixerit,
709 2775 937 2871 nequeamus
957 2775 991 2848 in
1012 2769 1128 2873 populi
1152 2774 1327 2859 memoria,

395 2932 534 3020 propter
546 2921 708 3020 plurimas
731 2923 876 2996 auctoris
896 2923 1198 3021 peregrinationes,
1215 2922 1330 2995 adlim-

396 3094 469 3143 rere
486 3083 627 3168 possent
644 3081 743 3167 atque
765 3073 1028 3144 commoratione
1044 3071 1229 3144 coalescere
1249 3091 1325 3143 ran-

394 3218 516 3290 tileaae.
533 3217 763 3291 Diasccvastas
775 3219 808 3290 in
823 3218 911 3291 illius
922 3219 1076 3292 versibus
1091 3218 1329 3314 recolligendis

395 3389 530 3463 operam
561 3366 696 3439 dedisse
723 3369 841 3463 pariam
869 3365 1028 3440 credibile
1053 3381 1117 3454 est,
1150 3370 1226 3440 cirm
1255 3367 1329 3464 ipse

393 3506 505 3580 forsan
546 3508 729 3581 editionem
769 3532 947 3608 operarum
990 3533 1126 3583 suarum
1162 3510 1329 3582 curaverit

393 3657 547 3730 Athenis.
568 3655 793 3730 Pisistratidas
816 3659 906 3730 enim
932 3658 986 3731 illc
1005 3658 1247 3756 llipparrlrns3
1269 3657 1327 3754 qui

429 3893 435 3920 ¹
457 3894 590 3954 llimerins,
602 3895 643 3944 Or.
660 3895 731 3953 XXX,
744 3895 767 3944 3.

429 3985 437 4012 ²
452 3979 561 4046 Herod,
577 3988 601 4048 3,
616 4001 670 4052 cap.
687 3988 767 4036 Cllll.

428 4079 439 4106 ³
457 4080 535 4128 Plato.
552 4081 716 4144 Hipparchus.
