3104 4958
376 622 407 670 32
627 618 790 668 {tonuerunt
809 615 1052 668 ntlttTnot'ttnstrt‘l

376 767 525 864 quinque
538 779 570 837 et
582 766 824 863 qninquaginta
837 789 911 862 qnae
923 765 963 836 ab
976 765 1121 838 Heurico
1130 763 1308 860 Stephano

375 915 499 1008 juvene
532 912 676 1008 primlrm
705 911 856 1008 evulgata
883 911 1028 995 fuerant,
1058 913 1312 992 Anacreontem

377 1073 545 1130 auctorem
562 1058 702 1140 babere;
721 1084 759 1130 ex
776 1058 900 1152 quibus
915 1071 1006 1142 erat,
1025 1059 1080 1129 illo
1095 1057 1221 1153 jndice,
1241 1057 1309 1128 boc

377 1204 527 1276 odarium
542 1203 630 1300 qnod
645 1202 773 1276 Gellius
786 1205 884 1275 nobis
902 1203 1122 1286 conservavit,
1157 1201 1311 1298 illudque

377 1353 516 1424 alterum
543 1353 639 1445 enjus
664 1352 731 1422 duo
751 1351 934 1424 versiculos
960 1351 1086 1448 profert
1112 1351 1310 1446 Hephaestio

377 1496 624 1593 grammaticus.
648 1495 779 1569 Fisheri
796 1498 1039 1595 argumentatio
1059 1497 1308 1594 simplicissima

377 1656 429 1716 ost
444 1655 477 1715 et
491 1643 699 1715 brevissima.

397 1837 399 1842 ,
425 1794 603 1875 Concludit
622 1796 713 1866 enim
731 1795 877 1866 earmina
897 1795 1020 1868 novitia
1041 1819 1115 1868 esse
1137 1807 1206 1866 tum
1228 1793 1310 1889 qnia

377 1943 411 2012 in
428 1941 481 2012 lris
496 1939 618 2010 frustra
634 1941 813 2034 requiritur
829 1941 883 2012 ille
898 1941 1063 2012 ionismus
1079 1940 1135 2036 qni
1153 1939 1309 2037 peculia-

346 2145 351 2158 ,
377 2087 422 2156 ris
435 2097 504 2156 erat
517 2085 597 2156 Teio
613 2068 693 2170 veti,
711 2085 993 2182 quemadmodum
1010 2085 1307 2158 Snidastestator:

378 2248 448 2304 tum
474 2245 587 2304 carent
610 2232 652 2304 iis
675 2217 855 2304 virtutibus
881 2256 964 2328 quas
992 2232 1311 2328 omnisantiquitas

377 2377 579 2452 Anacreonti
598 2357 778 2464 tribuebat.
800 2378 833 2450 ls
850 2391 902 2449 est
923 2379 1012 2450 enim
1032 2379 1192 2451 orationis
1208 2392 1311 2450 tenor

377 2540 413 2598 ut
434 2525 534 2598 verba
553 2524 700 2619 undique
719 2524 906 2620 conquisita
927 2547 967 2596 ex
989 2523 1125 2596 Homeri
1141 2525 1310 2621 imprimis

378 2671 582 2744 carminibus
599 2669 758 2742 miremur
775 2695 782 2739 :
800 2669 962 2742 nonnulla
977 2669 1075 2742 etiam
1093 2681 1211 2742 novata
1226 2685 1310 2743 sunt

370 2829 416 2890 nt
440 2839 558 2888 versus
588 2815 814 2918 compl-erent.¹
842 2817 925 2902 Quae
952 2817 1088 2912 quidem
1114 2817 1191 2890 vitia
1222 2841 1311 2890 nec-

378 2965 559 3062 quidquam
589 2963 799 3037 librariorum
832 2965 1045 3061 negligentiae
1078 2965 1307 3062 assignantur.

380 3113 451 3186 Alia
480 3126 589 3184 tamen
614 3113 843 3184 Anacreontea
871 3109 1113 3206 pessundant:
1142 3133 1311 3204 nusquam

380 3259 506 3330 mentio
518 3259 552 3327 in
567 3255 631 3328 illis
643 3268 694 3330 est
707 3280 768 3328 nee
779 3255 963 3351 Polycratis
974 3247 1121 3352 tyranni,
1135 3280 1197 3328 neo
1210 3253 1312 3332 Cleo-

380 3403 450 3476 buli
467 3401 654 3485 oenlornm,
671 3425 732 3474 nec
744 3399 905 3474 Smerdiae
920 3401 1115 3498 capillorum
1135 3399 1311 3497 inquibus

381 3547 589 3624 celebrandis
613 3559 681 3620 tota
707 3547 901 3622 versabatur
925 3549 1146 3622 Anacreontis
1174 3547 1309 3647 poesie,

380 3696 664 3794 quemadmodum
684 3696 781 3768 docet
797 3697 961 3770 Maximus
976 3697 1109 3794 Tyrius.

427 3844 512 3916 lllud
531 3843 664 3916 tandem
683 3867 750 3916 non
772 3843 944 3916 minimam
964 3845 1030 3916 vim
1049 3833 1148 3946 babet
1165 3843 1256 3939 qnod
1276 3843 1311 3916 in
