3104 4958
383 833 411 880 to
584 823 726 874 tttstottttt
744 819 864 872 taurus
882 816 1108 867 traducuntur

377 977 578 1052 debuerant.
596 973 681 1045 Nam
696 983 817 1070 praeter
831 971 996 1068 cujusque
1006 967 1130 1040 variam
1144 965 1307 1050 indolem,

376 1125 421 1196 de
435 1129 500 1222 qua
521 1121 620 1195 modo
644 1120 771 1192 meutio
793 1117 877 1190 sacta
893 1127 957 1202 est,
982 1138 1097 1188 nonne
1114 1113 1149 1186 iu
1165 1112 1310 1210 siugulis

378 1273 561 1372 provinciis
575 1282 609 1344 et
625 1267 821 1342 nationibus
835 1266 954 1364 graecis
973 1265 1056 1362 quae
1067 1261 1228 1360 loquendi
1248 1285 1308 1333 ra-

376 1424 468 1496 tione
488 1420 717 1496 diversissima
739 1417 934 1501 utebantur,
960 1415 1040 1486 lunc
1058 1413 1150 1485 illinc
1168 1413 1308 1484 aliarum

375 1571 594 1644 dialectorum
627 1567 751 1664 formas
782 1564 945 1638 admisere
970 1562 1109 1636 odaria?
1143 1561 1309 1634 Paulatim

372 1712 1309 1810 diversisesoutibusorta,sedargumeutoatquemetro

375 1888 443 1937 nou
460 1865 505 1936 ita
522 1863 647 1960 dispari
669 1862 815 1934 carmina
834 1861 893 1932 uui
915 1859 1118 1933 Anacreonti
1138 1858 1309 1932 attribue-

317 2007 319 2014 ’
374 2011 510 2086 bantur.
534 2009 591 2083 Sic
613 2009 897 2106 quemadmodum
926 2020 1042 2084 censet
1066 2009 1108 2081 0.
1125 2009 1308 2082 Muellerus

371 2160 506 2232 diversa
521 2181 638 2232 eorum
656 2169 777 2230 natura
791 2181 834 2231 cx
848 2157 980 2232 diversa
999 2158 1307 2254 imitatorum'con-

369 2307 500 2380 ditione
525 2306 674 2404 prol'eeta
692 2319 756 2380 est.
776 2306 875 2394 Quod
898 2306 1035 2403 quidem
1051 2307 1144 2380 nullo
1162 2307 1225 2380 alio
1245 2307 1307 2380 de-

371 2455 635 2532 monstrabimus
663 2467 864 2554 argumento
889 2479 989 2554 quam
1021 2469 1234 2532 recurrentes
1263 2459 1305 2532 ad

370 2609 459 2680 illam
473 2608 582 2704 ipsam
596 2605 695 2678 odam
707 2629 809 2702 quam
822 2603 921 2678 nobis
936 2607 1147 2680 conservavit
1160 2606 1303 2680 Gellius.

368 2756 478 2836 Simul
491 2754 545 2826 illa
558 2757 680 2850 nempe
697 2754 865 2849 reperitur
879 2755 913 2826 iu
931 2755 1212 2830 codicellaticauo
1226 2780 1307 2830 ncc-

371 2928 441 2976 uou
456 2902 490 2976 in
513 2901 662 2974 editione
687 2925 788 2998 quam
810 2901 977 2976 Heurieus
1002 2903 1197 3001 Stephanus
1223 2929 1306 2977 usus

369 3049 554 3150 deperditis
571 3050 672 3124 hodia
688 3051 928 3150 manuscriptis
944 3051 1133 3150 collegerat.
1157 3052 1304 3126 Tertiam

369 3203 559 3276 versionem
575 3203 728 3276 continet
741 3201 1063 3276 Anacreonticorum
1080 3204 1304 3302 epigramma-

367 3371 440 3430 tum
455 3354 685 3454 Florilegium.
714 3354 802 3442 Quid
830 3353 923 3428 tum?
947 3354 1056 3428 eidem
1084 3357 1224 3429 carolini
1252 3368 1304 3430 ter

368 3506 511 3603 repetito
528 3516 578 3578 ter
596 3503 750 3578 diversus
770 3505 849 3580 finis
866 3519 918 3580 est
936 3531 945 3578 :
968 3505 1050 3580 adeo
1067 3532 1135 3582 nou
1154 3508 1243 3582 inter
1266 3533 1303 3581 se

366 3655 577 3754 Stephanus,
593 3655 723 3730 Gellius
742 3657 916 3756 eodcaque
930 3659 1113 3734 Vaticanus
1130 3673 1299 3746 constant,

262 3809 270 3824 ²
368 3822 507 3907 propter
532 3811 621 3884 illam
653 3811 794 3908 originis
826 3813 1051 3890 diversitatem
1082 3821 1180 3915 cujus
1201 3821 1302 3916 supra

368 3963 452 4036 ratio
469 3965 604 4061 copios'e
619 3964 748 4038 reddita
762 3980 825 4040 est.
