<?xml version="1.0" encoding="UTF-8"?>
<!DOCTYPE html PUBLIC "-//W3C//DTD XHTML 1.0 Transitional//EN"
    "http://www.w3.org/TR/xhtml1/DTD/xhtml1-transitional.dtd">
<html xmlns="http://www.w3.org/1999/xhtml" xml:lang="en" lang="en">
 <head>
  <title>
</title>
<meta http-equiv="Content-Type" content="text/html;charset=utf-8" />
  <meta name='ocr-system' content='tesseract 3.04.00' />
  <meta name='ocr-capabilities' content='ocr_page ocr_carea ocr_par ocr_line ocrx_word'/>
</head>
<body>
  <div class='ocr_page' id='page_1' title='image "./deaetatecarminu00coligoog_0091.png"; bbox 0 0 3104 4958; ppageno 0'>
   <div class='ocr_carea' id='block_1_1' title="bbox 349 671 1214 728">
    <p class='ocr_par' dir='ltr' id='par_1_1' title="bbox 349 671 1214 728">
     <span class='ocr_line' id='line_1_1' title="bbox 349 671 1214 728; baseline -0.001 -5"><span class='ocrx_word' id='word_1_1' title='bbox 349 675 380 724; x_wconf 75' lang='lat'>72</span> <span class='ocrx_word' id='word_1_2' title='bbox 431 675 601 728; x_wconf 74' lang='lat' dir='ltr'>AEst‘flssrlc.</span> <span class='ocrx_word' id='word_1_3' title='bbox 621 679 660 727; x_wconf 84' lang='lat' dir='ltr'>ET</span> <span class='ocrx_word' id='word_1_4' title='bbox 678 673 944 726; x_wconf 73' lang='lat' dir='ltr'><strong>GRAMMATICORUM</strong></span> <span class='ocrx_word' id='word_1_5' title='bbox 963 671 1214 723; x_wconf 75' lang='lat' dir='ltr'><strong>ARGUMENTORUM</strong></span> 
     </span>
    </p>
   </div>
   <div class='ocr_carea' id='block_1_2' title="bbox 345 821 1287 1342">
    <p class='ocr_par' dir='ltr' id='par_1_2' title="bbox 345 821 1287 1342">
     <span class='ocr_line' id='line_1_2' title="bbox 347 821 1287 922; baseline -0.003 -28"><span class='ocrx_word' id='word_1_6' title='bbox 347 822 409 896; x_wconf 92' lang='lat' dir='ltr'>hos</span> <span class='ocrx_word' id='word_1_7' title='bbox 429 835 463 896; x_wconf 90' lang='lat' dir='ltr'>et</span> <span class='ocrx_word' id='word_1_8' title='bbox 480 825 720 922; x_wconf 82' lang='lat' dir='ltr'>epigrammata</span> <span class='ocrx_word' id='word_1_9' title='bbox 737 821 853 896; x_wconf 88' lang='lat' dir='ltr'>referri</span> <span class='ocrx_word' id='word_1_10' title='bbox 869 845 983 918; x_wconf 88' lang='lat' dir='ltr'>posse,</span> <span class='ocrx_word' id='word_1_11' title='bbox 1001 821 1287 916; x_wconf 79' lang='lat' dir='ltr'>quenradmodirrn</span> 
     </span>
     <span class='ocr_line' id='line_1_3' title="bbox 347 965 1287 1066; baseline -0.001 -26"><span class='ocrx_word' id='word_1_12' title='bbox 347 969 473 1066; x_wconf 75' lang='lat' dir='ltr'>optime</span> <span class='ocrx_word' id='word_1_13' title='bbox 510 970 753 1042; x_wconf 82' lang='lat' dir='ltr'>demonstravit</span> <span class='ocrx_word' id='word_1_14' title='bbox 777 965 960 1048; x_wconf 84' lang='lat' dir='ltr'>Velkerus;</span> <span class='ocrx_word' id='word_1_15' title='bbox 986 979 1036 1050; x_wconf 87' lang='lat' dir='ltr'>ut,</span> <span class='ocrx_word' id='word_1_16' title='bbox 1059 966 1112 1036; x_wconf 85' lang='lat' dir='ltr'>illa</span> <span class='ocrx_word' id='word_1_17' title='bbox 1133 967 1287 1062; x_wconf 79' lang='lat' dir='ltr'>quinque</span> 
     </span>
     <span class='ocr_line' id='line_1_4' title="bbox 346 1113 1285 1211; baseline -0.003 -22"><span class='ocrx_word' id='word_1_18' title='bbox 346 1115 509 1190; x_wconf 86' lang='lat' dir='ltr'>librorum</span> <span class='ocrx_word' id='word_1_19' title='bbox 538 1118 689 1190; x_wconf 73' lang='lat' dir='ltr'>collectio</span> <span class='ocrx_word' id='word_1_20' title='bbox 712 1115 917 1192; x_wconf 86' lang='lat' dir='ltr'>nonomnia</span> <span class='ocrx_word' id='word_1_21' title='bbox 941 1113 1162 1189; x_wconf 78' lang='lat' dir='ltr'>Anacreontis</span> <span class='ocrx_word' id='word_1_22' title='bbox 1181 1138 1285 1211; x_wconf 87' lang='lat' dir='ltr'>opera</span> 
     </span>
     <span class='ocr_line' id='line_1_5' title="bbox 345 1267 527 1342; baseline 0 -3"><span class='ocrx_word' id='word_1_23' title='bbox 345 1267 527 1342; x_wconf 85' lang='lat' dir='ltr'>contineat.</span> 
     </span>
    </p>
   </div>
   <div class='ocr_carea' id='block_1_3' title="bbox 344 1410 1285 1650">
    <p class='ocr_par' dir='ltr' id='par_1_3' title="bbox 344 1410 1285 1650">
     <span class='ocr_line' id='line_1_6' title="bbox 393 1410 1285 1510; baseline -0.004 -24"><span class='ocrx_word' id='word_1_24' title='bbox 393 1413 509 1486; x_wconf 86' lang='lat' dir='ltr'>Critici</span> <span class='ocrx_word' id='word_1_25' title='bbox 524 1425 636 1486; x_wconf 87' lang='lat' dir='ltr'>autern</span> <span class='ocrx_word' id='word_1_26' title='bbox 649 1425 769 1510; x_wconf 79' lang='lat' dir='ltr'>rogant</span> <span class='ocrx_word' id='word_1_27' title='bbox 784 1412 973 1506; x_wconf 80' lang='lat' dir='ltr'>iterirmque</span> <span class='ocrx_word' id='word_1_28' title='bbox 988 1423 1108 1507; x_wconf 79' lang='lat' dir='ltr'>rogant</span> <span class='ocrx_word' id='word_1_29' title='bbox 1124 1413 1206 1481; x_wconf 75' lang='lat' dir='ltr'>non}</span> <span class='ocrx_word' id='word_1_30' title='bbox 1227 1410 1285 1482; x_wconf 88' lang='lat' dir='ltr'>ilia</span> 
     </span>
     <span class='ocr_line' id='line_1_7' title="bbox 344 1551 1284 1650; baseline 0 -24"><span class='ocrx_word' id='word_1_31' title='bbox 344 1555 486 1650; x_wconf 87' lang='lat' dir='ltr'>paucula</span> <span class='ocrx_word' id='word_1_32' title='bbox 501 1567 615 1628; x_wconf 84' lang='lat' dir='ltr'>nostra</span> <span class='ocrx_word' id='word_1_33' title='bbox 636 1567 669 1626; x_wconf 90' lang='lat' dir='ltr'>et</span> <span class='ocrx_word' id='word_1_34' title='bbox 692 1552 888 1626; x_wconf 86' lang='lat' dir='ltr'>brevissima</span> <span class='ocrx_word' id='word_1_35' title='bbox 909 1551 1055 1625; x_wconf 86' lang='lat' dir='ltr'>odariola</span> <span class='ocrx_word' id='word_1_36' title='bbox 1076 1573 1224 1648; x_wconf 86' lang='lat' dir='ltr'>unquam</span> <span class='ocrx_word' id='word_1_37' title='bbox 1245 1555 1284 1626; x_wconf 84' lang='lat' dir='ltr'>in</span> 
     </span>
    </p>
   </div>
   <div class='ocr_carea' id='block_1_4' title="bbox 342 1700 1284 1800">
    <p class='ocr_par' dir='ltr' id='par_1_4' title="bbox 342 1700 1284 1800">
     <span class='ocr_line' id='line_1_8' title="bbox 342 1700 1284 1800; baseline -0.003 -25"><span class='ocrx_word' id='word_1_38' title='bbox 342 1704 493 1800; x_wconf 85' lang='lat' dir='ltr'>quinque</span> <span class='ocrx_word' id='word_1_39' title='bbox 506 1701 611 1774; x_wconf 86' lang='lat' dir='ltr'>libros</span> <span class='ocrx_word' id='word_1_40' title='bbox 634 1701 737 1773; x_wconf 90' lang='lat' dir='ltr'>dividi</span> <span class='ocrx_word' id='word_1_41' title='bbox 761 1700 973 1798; x_wconf 79' lang='lat' dir='ltr'>possint-aut</span> <span class='ocrx_word' id='word_1_42' title='bbox 997 1701 1193 1796; x_wconf 72' lang='lat' dir='ltr'>potuerint?</span> <span class='ocrx_word' id='word_1_43' title='bbox 1215 1700 1284 1772; x_wconf 84' lang='lat' dir='ltr'>Ubi</span> 
     </span>
    </p>
   </div>
   <div class='ocr_carea' id='block_1_5' title="bbox 343 1837 1283 1948">
    <p class='ocr_par' dir='ltr' id='par_1_5' title="bbox 343 1837 1283 1948">
     <span class='ocr_line' id='line_1_9' title="bbox 343 1837 1283 1948; baseline -0.002 -24"><span class='ocrx_word' id='word_1_44' title='bbox 343 1877 435 1924; x_wconf 87' lang='lat' dir='ltr'>nuno</span> <span class='ocrx_word' id='word_1_45' title='bbox 463 1851 509 1924; x_wconf 87' lang='lat' dir='ltr'>iili</span> <span class='ocrx_word' id='word_1_46' title='bbox 528 1852 613 1947; x_wconf 84' lang='lat' dir='ltr'>elegi</span> <span class='ocrx_word' id='word_1_47' title='bbox 637 1876 722 1948; x_wconf 89' lang='lat' dir='ltr'>quos</span> <span class='ocrx_word' id='word_1_48' title='bbox 752 1849 873 1922; x_wconf 87' lang='lat' dir='ltr'>Suidas</span> <span class='ocrx_word' id='word_1_49' title='bbox 899 1837 1194 1922; x_wconf 75' lang='lat' dir='ltr'>commemoravit?</span> <span class='ocrx_word' id='word_1_50' title='bbox 1222 1851 1283 1922; x_wconf 87' lang='lat' dir='ltr'>obi</span> 
     </span>
    </p>
   </div>
   <div class='ocr_carea' id='block_1_6' title="bbox 262 2003 1283 3606">
    <p class='ocr_par' dir='ltr' id='par_1_6' title="bbox 342 2003 886 2109">
     <span class='ocr_line' id='line_1_10' title="bbox 342 2003 886 2109; baseline 0.004 -37"><span class='ocrx_word' id='word_1_51' title='bbox 342 2003 388 2074; x_wconf 82' lang='lat' dir='ltr'>itti</span> <span class='ocrx_word' id='word_1_52' title='bbox 405 2003 528 2109; x_wconf 67' lang='lat' dir='ltr'>iambi?</span> <span class='ocrx_word' id='word_1_53' title='bbox 541 2003 600 2074; x_wconf 84' lang='lat' dir='ltr'>ubi</span> <span class='ocrx_word' id='word_1_54' title='bbox 616 2003 661 2075; x_wconf 88' lang='lat' dir='ltr'>iili</span> <span class='ocrx_word' id='word_1_55' title='bbox 674 2004 805 2100; x_wconf 82' lang='lat' dir='ltr'>hymni.</span> <span class='ocrx_word' id='word_1_56' title='bbox 884 2097 886 2100; x_wconf 16' lang='grc' dir='ltr'>Ι</span> 
     </span>
    </p>

    <p class='ocr_par' dir='ltr' id='par_1_7' title="bbox 340 2109 1283 2704">
     <span class='ocr_line' id='line_1_11' title="bbox 390 2109 1283 2248; baseline 0.002 -28"><span class='ocrx_word' id='word_1_57' title='bbox 390 2146 468 2221; x_wconf 85' lang='lat' dir='ltr'>Haec</span> <span class='ocrx_word' id='word_1_58' title='bbox 481 2109 543 2222; x_wconf 88' lang='lat' dir='ltr'>etsi</span> <span class='ocrx_word' id='word_1_59' title='bbox 564 2173 624 2246; x_wconf 87' lang='lat' dir='ltr'>per</span> <span class='ocrx_word' id='word_1_60' title='bbox 645 2175 680 2222; x_wconf 92' lang='lat' dir='ltr'>se</span> <span class='ocrx_word' id='word_1_61' title='bbox 696 2151 894 2248; x_wconf 78' lang='lat' dir='ltr'>gravissima</span> <span class='ocrx_word' id='word_1_62' title='bbox 914 2175 981 2223; x_wconf 87' lang='lat' dir='ltr'>non</span> <span class='ocrx_word' id='word_1_63' title='bbox 1009 2151 1079 2222; x_wconf 87' lang='lat' dir='ltr'>sola</span> <span class='ocrx_word' id='word_1_64' title='bbox 1103 2150 1283 2247; x_wconf 85' lang='lat' dir='ltr'>proferunt</span> 
     </span>
     <span class='ocr_line' id='line_1_12' title="bbox 341 2285 1277 2397; baseline 0.002 -26"><span class='ocrx_word' id='word_1_65' title='bbox 341 2300 463 2372; x_wconf 85' lang='lat' dir='ltr'>eruditi</span> <span class='ocrx_word' id='word_1_66' title='bbox 513 2316 628 2373; x_wconf 88' lang='lat' dir='ltr'>contra</span> <span class='ocrx_word' id='word_1_67' title='bbox 672 2285 983 2374; x_wconf 82' lang='lat' dir='ltr'>anacreontieorurn</span> <span class='ocrx_word' id='word_1_68' title='bbox 1029 2298 1277 2397; x_wconf 76' lang='lat' dir='ltr'>antiquitatem.</span> 
     </span>
     <span class='ocr_line' id='line_1_13' title="bbox 340 2451 1281 2550; baseline -0.011 -24"><span class='ocrx_word' id='word_1_69' title='bbox 340 2453 435 2526; x_wconf 87' lang='lat' dir='ltr'>Multi</span> <span class='ocrx_word' id='word_1_70' title='bbox 459 2477 594 2550; x_wconf 81' lang='lat' dir='ltr'>quoque</span> <span class='ocrx_word' id='word_1_71' title='bbox 617 2465 698 2525; x_wconf 86' lang='lat' dir='ltr'>sunt</span> <span class='ocrx_word' id='word_1_72' title='bbox 723 2454 755 2523; x_wconf 87' lang='lat' dir='ltr'>in</span> <span class='ocrx_word' id='word_1_73' title='bbox 781 2453 940 2524; x_wconf 77' lang='lat' dir='ltr'>litteraria</span> <span class='ocrx_word' id='word_1_74' title='bbox 960 2452 1093 2524; x_wconf 85' lang='lat' dir='ltr'>illorum</span> <span class='ocrx_word' id='word_1_75' title='bbox 1113 2451 1281 2547; x_wconf 58' lang='lat' dir='ltr'>dijudica</span> 
     </span>
     <span class='ocr_line' id='line_1_14' title="bbox 341 2589 1280 2704; baseline -0.002 -26"><span class='ocrx_word' id='word_1_76' title='bbox 341 2607 445 2679; x_wconf 88' lang='lat' dir='ltr'>tione.</span> <span class='ocrx_word' id='word_1_77' title='bbox 464 2607 687 2679; x_wconf 87' lang='lat' dir='ltr'>Doctissirnus</span> <span class='ocrx_word' id='word_1_78' title='bbox 703 2605 873 2678; x_wconf 87' lang='lat' dir='ltr'>Tranerus</span> <span class='ocrx_word' id='word_1_79' title='bbox 890 2589 1081 2704; x_wconf 76' lang='lat' dir='ltr'>graecorum</span> <span class='ocrx_word' id='word_1_80' title='bbox 1102 2617 1280 2702; x_wconf 81' lang='lat' dir='ltr'>poetarum</span> 
     </span>
    </p>

    <p class='ocr_par' dir='ltr' id='par_1_8' title="bbox 262 2751 1282 3606">
     <span class='ocr_line' id='line_1_15' title="bbox 301 2751 1281 2854; baseline 0.001 -28"><span class='ocrx_word' id='word_1_81' title='bbox 301 2751 304 2756; x_wconf 66' lang='grc'><em>’</em></span> <span class='ocrx_word' id='word_1_82' title='bbox 341 2757 375 2827; x_wconf 88' lang='lat' dir='ltr'>in</span> <span class='ocrx_word' id='word_1_83' title='bbox 390 2763 636 2830; x_wconf 70' lang='lat' dir='ltr'>anacreontem</span> <span class='ocrx_word' id='word_1_84' title='bbox 651 2757 766 2830; x_wconf 89' lang='lat' dir='ltr'>laudes</span> <span class='ocrx_word' id='word_1_85' title='bbox 780 2755 973 2854; x_wconf 78' lang='lat' dir='ltr'>recollegit¹</span> <span class='ocrx_word' id='word_1_86' title='bbox 990 2781 998 2828; x_wconf 77' lang='grc' dir='ltr'><strong>ι</strong></span> <span class='ocrx_word' id='word_1_87' title='bbox 1013 2755 1128 2854; x_wconf 85' lang='lat' dir='ltr'>plures</span> <span class='ocrx_word' id='word_1_88' title='bbox 1140 2754 1281 2850; x_wconf 82' lang='lat' dir='ltr'>quidem</span> 
     </span>
     <span class='ocr_line' id='line_1_16' title="bbox 262 2905 1280 3010; baseline 0.002 -34"><span class='ocrx_word' id='word_1_89' title='bbox 262 2972 265 2976; x_wconf 85' lang='lat'>.</span> <span class='ocrx_word' id='word_1_90' title='bbox 340 2907 405 2980; x_wconf 85' lang='lat' dir='ltr'>illae</span> <span class='ocrx_word' id='word_1_91' title='bbox 417 2911 518 3004; x_wconf 72' lang='lat' dir='ltr'>quom</span> <span class='ocrx_word' id='word_1_92' title='bbox 534 2921 571 2980; x_wconf 88' lang='lat' dir='ltr'>ut</span> <span class='ocrx_word' id='word_1_93' title='bbox 585 2907 639 2981; x_wconf 86' lang='lat' dir='ltr'>hio</span> <span class='ocrx_word' id='word_1_94' title='bbox 656 2909 798 3010; x_wconf 80' lang='lat' dir='ltr'>proferri</span> <span class='ocrx_word' id='word_1_95' title='bbox 813 2909 947 3006; x_wconf 90' lang='lat' dir='ltr'>possint</span> <span class='ocrx_word' id='word_1_96' title='bbox 965 2907 992 2978; x_wconf 90' lang='lat' dir='ltr'>si</span> <span class='ocrx_word' id='word_1_97' title='bbox 1009 2919 1119 2978; x_wconf 85' lang='lat' dir='ltr'>tamen</span> <span class='ocrx_word' id='word_1_98' title='bbox 1139 2905 1280 3002; x_wconf 86' lang='lat' dir='ltr'>optimis</span> 
     </span>
     <span class='ocr_line' id='line_1_17' title="bbox 340 3057 1279 3144; baseline 0.002 -16"><span class='ocrx_word' id='word_1_99' title='bbox 340 3057 429 3132; x_wconf 89' lang='lat' dir='ltr'>inter</span> <span class='ocrx_word' id='word_1_100' title='bbox 443 3071 572 3141; x_wconf 84' lang='lat' dir='ltr'>veteres</span> <span class='ocrx_word' id='word_1_101' title='bbox 587 3060 711 3140; x_wconf 85' lang='lat' dir='ltr'>criticis</span> <span class='ocrx_word' id='word_1_102' title='bbox 730 3060 920 3144; x_wconf 78' lang='lat' dir='ltr'>credamus,</span> <span class='ocrx_word' id='word_1_103' title='bbox 945 3061 1121 3132; x_wconf 79' lang='lat' dir='ltr'>Anacreon</span> <span class='ocrx_word' id='word_1_104' title='bbox 1142 3081 1210 3130; x_wconf 87' lang='lat' dir='ltr'>non</span> <span class='ocrx_word' id='word_1_105' title='bbox 1235 3057 1279 3130; x_wconf 86' lang='lat' dir='ltr'>ad</span> 
     </span>
     <span class='ocr_line' id='line_1_18' title="bbox 337 3211 1282 3308; baseline -0.006 -26"><span class='ocrx_word' id='word_1_106' title='bbox 337 3221 462 3296; x_wconf 87' lang='lat' dir='ltr'>eutem,</span> <span class='ocrx_word' id='word_1_107' title='bbox 483 3223 521 3282; x_wconf 89' lang='lat' dir='ltr'>ut</span> <span class='ocrx_word' id='word_1_108' title='bbox 535 3211 641 3296; x_wconf 91' lang='lat' dir='ltr'>aiunt,</span> <span class='ocrx_word' id='word_1_109' title='bbox 661 3211 720 3284; x_wconf 89' lang='lat' dir='ltr'>sed</span> <span class='ocrx_word' id='word_1_110' title='bbox 734 3223 803 3284; x_wconf 92' lang='lat' dir='ltr'>toto</span> <span class='ocrx_word' id='word_1_111' title='bbox 822 3223 970 3308; x_wconf 85' lang='lat' dir='ltr'>pectore,</span> <span class='ocrx_word' id='word_1_112' title='bbox 988 3215 1054 3282; x_wconf 71' lang='lat' dir='ltr'>tota</span> <span class='ocrx_word' id='word_1_113' title='bbox 1071 3220 1183 3281; x_wconf 85' lang='lat' dir='ltr'>mente</span> <span class='ocrx_word' id='word_1_114' title='bbox 1199 3231 1282 3308; x_wconf 41' lang='lat' dir='ltr'>pera</span> 
     </span>
     <span class='ocr_line' id='line_1_19' title="bbox 336 3361 1271 3468; baseline -0.002 -34"><span class='ocrx_word' id='word_1_115' title='bbox 336 3361 428 3435; x_wconf 89' lang='lat' dir='ltr'>ditus</span> <span class='ocrx_word' id='word_1_116' title='bbox 443 3363 596 3442; x_wconf 84' lang='lat' dir='ltr'>amabat:</span> <span class='ocrx_word' id='word_1_117' title='bbox 617 3367 731 3438; x_wconf 84' lang='lat' dir='ltr'>nescio</span> <span class='ocrx_word' id='word_1_118' title='bbox 750 3365 832 3468; x_wconf 88' lang='lat' dir='ltr'>quid</span> <span class='ocrx_word' id='word_1_119' title='bbox 851 3366 965 3448; x_wconf 82' lang='lat' dir='ltr'>vivom</span> <span class='ocrx_word' id='word_1_120' title='bbox 984 3362 1131 3462; x_wconf 78' lang='lat' dir='ltr'>spirabat</span> <span class='ocrx_word' id='word_1_121' title='bbox 1152 3363 1186 3434; x_wconf 89' lang='lat' dir='ltr'>in</span> <span class='ocrx_word' id='word_1_122' title='bbox 1202 3385 1271 3434; x_wconf 82' lang='lat' dir='ltr'>aar·</span> 
     </span>
     <span class='ocr_line' id='line_1_20' title="bbox 335 3503 1276 3606; baseline -0.006 -24"><span class='ocrx_word' id='word_1_123' title='bbox 335 3511 447 3596; x_wconf 86' lang='lat' dir='ltr'>roine;</span> <span class='ocrx_word' id='word_1_124' title='bbox 474 3535 571 3588; x_wconf 88' lang='lat' dir='ltr'>veros</span> <span class='ocrx_word' id='word_1_125' title='bbox 586 3535 716 3593; x_wconf 86' lang='lat' dir='ltr'>amores</span> <span class='ocrx_word' id='word_1_126' title='bbox 732 3514 895 3597; x_wconf 87' lang='lat' dir='ltr'>canebat;</span> <span class='ocrx_word' id='word_1_127' title='bbox 921 3513 1013 3586; x_wconf 87' lang='lat' dir='ltr'>vivas</span> <span class='ocrx_word' id='word_1_128' title='bbox 1029 3503 1128 3586; x_wconf 85' lang='lat' dir='ltr'>voces</span> <span class='ocrx_word' id='word_1_129' title='bbox 1147 3533 1276 3606; x_wconf 65' lang='lat' dir='ltr'>suppo.</span> 
     </span>
    </p>
   </div>
   <div class='ocr_carea' id='block_1_7' title="bbox 334 3661 1274 3761">
    <p class='ocr_par' dir='ltr' id='par_1_9' title="bbox 334 3661 1274 3761">
     <span class='ocr_line' id='line_1_21' title="bbox 334 3661 1274 3761; baseline -0.001 -28"><span class='ocrx_word' id='word_1_130' title='bbox 334 3661 462 3743; x_wconf 82' lang='lat' dir='ltr'>ditabat</span> <span class='ocrx_word' id='word_1_131' title='bbox 479 3663 612 3760; x_wconf 84' lang='lat' dir='ltr'>Cupido</span> <span class='ocrx_word' id='word_1_132' title='bbox 628 3677 662 3736; x_wconf 88' lang='lat' dir='ltr'>et</span> <span class='ocrx_word' id='word_1_133' title='bbox 677 3663 760 3735; x_wconf 85' lang='lat' dir='ltr'>illud</span> <span class='ocrx_word' id='word_1_134' title='bbox 775 3664 866 3760; x_wconf 86' lang='lat' dir='ltr'>quod</span> <span class='ocrx_word' id='word_1_135' title='bbox 882 3687 923 3735; x_wconf 87' lang='lat' dir='ltr'>ex</span> <span class='ocrx_word' id='word_1_136' title='bbox 937 3675 1074 3761; x_wconf 81' lang='lat' dir='ltr'>pectore</span> <span class='ocrx_word' id='word_1_137' title='bbox 1089 3671 1274 3733; x_wconf 80' lang='lat' dir='ltr'>emanator</span> 
     </span>
    </p>
   </div>
   <div class='ocr_carea' id='block_1_8' title="bbox 371 3895 1271 3998">
    <p class='ocr_par' dir='ltr' id='par_1_10' title="bbox 371 3895 1271 3998">
     <span class='ocr_line' id='line_1_22' title="bbox 371 3895 1271 3998; baseline -0.011 -22"><span class='ocrx_word' id='word_1_138' title='bbox 371 3922 376 3950; x_wconf 94' lang='lat'>¹</span> <span class='ocrx_word' id='word_1_139' title='bbox 397 3923 418 3976; x_wconf 78' lang='lat' dir='ltr'>i.</span> <span class='ocrx_word' id='word_1_140' title='bbox 434 3921 697 3998; x_wconf 76' lang='lat' dir='ltr'>Trane1·,g1aec.poet.</span> <span class='ocrx_word' id='word_1_141' title='bbox 711 3924 735 3972; x_wconf 87' lang='lat' dir='ltr'>in</span> <span class='ocrx_word' id='word_1_142' title='bbox 748 3895 897 3982; x_wconf 73' lang='lat' dir='ltr'>Anacreont.</span> <span class='ocrx_word' id='word_1_143' title='bbox 916 3921 959 3970; x_wconf 80' lang='lat' dir='ltr'>Tei</span> <span class='ocrx_word' id='word_1_144' title='bbox 979 3921 1060 3984; x_wconf 81' lang='lat' dir='ltr'>elogia</span> <span class='ocrx_word' id='word_1_145' title='bbox 1075 3916 1271 3981; x_wconf 59' lang='lat' dir='ltr'>[portarent.</span> 
     </span>
    </p>
   </div>
   <div class='ocr_carea' id='block_1_9' title="bbox 0 0 1556 4954">
    <p class='ocr_par' dir='ltr' id='par_1_11' title="bbox 0 0 1556 4954">
     <span class='ocr_line' id='line_1_23' title="bbox 0 0 1556 4954; baseline 0 0"><span class='ocrx_word' id='word_1_146' title='bbox 0 0 1556 4954; x_wconf 95' lang='lat' dir='ltr'> </span> 
     </span>
    </p>
   </div>
  </div>
 </body>
</html>
