3104 4958
398 615 429 664 {8
653 604 837 658 tntTtToRtts
855 606 1041 658 ClllllSTlrlNl.

394 763 531 837 loricam
550 759 667 834 leviter
689 762 898 832 immutatam
922 759 1087 858 acceperit
1106 774 1143 831 ut
1166 765 1234 857 jam
1253 785 1331 834 cum
1360 775 1365 786 ·

342 967 346 976 .
394 936 482 984 novo
499 909 591 984 cultu
605 907 692 981 liene
703 933 739 980 ac
755 907 921 980 socialiter
935 921 1149 1005 congrueret.
1163 907 1331 982 Enmdem

392 1060 427 1128 in
443 1081 478 1128 re
494 1055 624 1154 poetica
642 1056 746 1126 secuti
759 1069 838 1126 sunt
854 1078 981 1127 morem
998 1080 1005 1125 :
1025 1055 1141 1151 hymni
1156 1056 1332 1128 christiani

392 1204 508 1278 eodem
525 1202 625 1276 verba
645 1215 744 1298 atquo
767 1203 1010 1277 anacreonticae
1031 1202 1220 1288 cantilenae,
1247 1227 1333 1276 eos-

389 1351 465 1424 dem
491 1373 651 1423 numeros
679 1347 812 1421 diverso
838 1371 916 1420 oum
950 1372 1054 1420 sensu
1081 1347 1272 1422 referebant
1297 1367 1332 1427 et

391 1497 550 1594 paulatim
576 1503 638 1593 pro
661 1493 809 1590 antiquis
834 1495 869 1566 in
898 1495 989 1592 vulgi
1015 1495 1174 1568 memoria
1201 1494 1332 1593 infige-

391 1643 525 1716 bantur.
544 1642 614 1714 Arii
639 1652 805 1738 praecepta
823 1639 980 1714 sudatiois
993 1641 1147 1714 versibus
1162 1641 1244 1737 (rem
1259 1667 1330 1714 non

391 1789 603 1863 mediocriter
617 1786 846 1860 admirandam
858 1785 881 1881 l)
899 1785 1212 1860 conscribebantur.
1225 1787 1330 1860 Pauci

391 1937 450 2032 qui
488 1946 701 2008 asservantur
738 1933 886 2031 Synesii,
922 1933 1076 2032 Gregorii
1107 1933 1328 2020 Nazianzeni,

390 2083 526 2154 Maximi
557 2081 723 2179 Marguini
753 2079 871 2178 hymni
906 2081 1178 2154 anacreonticum
1213 2083 1331 2156 nescio

390 2227 470 2326 quid
494 2251 564 2326 prae
591 2226 775 2300 scierunt.
803 2225 953 2323 Hujusce
979 2226 1027 2298 rei
1056 2226 1177 2302 veritas
1198 2229 1329 2300 nemini

389 2376 491 2450 dubia
516 2375 697 2460 videbitur,
728 2373 879 2446 simodo
910 2375 1153 2470 comparaverit
1184 2373 1329 2470 quilibet

388 2525 575 2625 locutiones
592 2523 725 2620 Synesii
739 2545 815 2594 cum
830 2521 1062 2594 anacreonticri
1077 2505 1240 2606 diodone,
1258 2526 1324 2595 etsi

389 2671 571 2767 episcopus
588 2693 624 2740 se
639 2671 739 2765 longe
752 2637 854 2765 supra
870 2685 990 2742 cantus
1002 2669 1101 2740 Tc‘ms
1117 2650 1327 2766 Lesl'rio‘sqne

389 2813 528 2887 tendere
542 2813 698 2886 declarat.

631 2963 707 3026 Μετὰ
719 2965 744 3023 Τ
745 2963 791 3036 vilo
804 2962 893 3022 ἀοιδαν

631 3069 748 3130 dandina
763 3092 793 3127 τε
805 3070 910 3147 μολπὰν

626 3175 816 3258 γεραρωτέροις
831 3173 870 3254 ἔφ’
888 3171 985 3250 ὕμνοις.

436 3357 643 3434 Manifestior
657 3359 769 3440 etiam,
796 3362 823 3428 si
843 3356 932 3436 lieet,
953 3355 1094 3428 imitatio
1113 3367 1164 3427 est
1179 3355 1212 3428 in
1231 3357 1326 3428 Gre-

385 3510 480 3616 gorio
494 3507 718 3578 Nazianzeno.
736 3566 740 3574 .

433 3658 472 3730 ln
489 3653 740 3727 Anacreonticis
755 3652 847 3747 lego¹
869 3675 876 3720 :

344 3881 348 3888 ·
421 3857 427 3887 ¹
448 3857 555 3916 Fislrer.,
567 3855 628 3904 xor.
