3104 4958
372 603 404 653 ao
641 596 827 654 mnarouos
845 551 1029 654 unrusnam

371 760 402 823 τί
414 765 489 824 εἴποι
505 758 520 822 ὃ
539 736 626 850 ᾸριιςΔ
639 768 691 842 mig
712 740 876 848 Ᾰφροδίτος
904 761 1063 849 τρωθείσης
1084 761 1141 824 ἀπὸ
1175 763 1308 836 ἀκάνθης

371 901 459 994 ῥόδου
477 921 592 970 nonne
607 895 783 996 inspiravit
800 897 863 969 oda
881 898 918 970 in
934 904 999 994 quai
1012 897 1208 974 vulneratus
1229 903 1308 976 Cu-

370 1043 450 1139 pido
466 1043 505 1115 ad
522 1056 662 1116 matrem
677 1044 833 1116 recurrit.

420 1193 469 1266 lta
497 1193 701 1266 imitatorum
726 1194 877 1290 ipsorum
912 1193 1098 1266 imitatores
1130 1209 1238 1282 eraut,
1271 1210 1311 1270 ut

368 1341 481 1414 verius
497 1341 582 1414 foret
597 1326 677 1414 illud
694 1339 803 1412 Flacci
821 1364 830 1412 :
848 1346 1017 1414 oscrvum
1032 1342 1155 1438 pecus!
1194 1375 1196 1380 ·

416 1487 524 1558 Nemo
538 1485 603 1558 hoc
618 1483 820 1558 dubitaverit
833 1485 862 1557 si
882 1487 1040 1582 respiciat
1054 1485 1147 1558 illum
1166 1487 1304 1560 titulum

369 1633 507 1706 odarioli
524 1636 542 1704 ri
556 1632 698 1704 Leontio
714 1631 895 1728 conscripti
912 1637 1037 1728 φιλήσας
1050 1639 1139 1730 κόρην
1153 1649 1188 1728 τῇ
1203 1642 1302 1729 ἡμέρᾳ

366 1786 419 1870 μὲν
434 1789 531 1850 ποθῶν
546 1785 656 1865 ἐπόνει,
679 1795 713 1872 τῇ
737 1782 770 1848 δὲ
792 1785 872 1848 νυκτὶ
894 1786 1077 1870 κοιμώμενος
1095 1783 1299 1854 ἀπηλλάττετο

365 1937 416 1994 τοὺ
443 1931 584 2022 ἐρωτικοῦ
608 1933 716 2021 πυρὸς·
738 1931 929 2022 ὸρθριζοὺσης
949 1924 998 1995 οὖν
1020 1927 1172 2018 χελιδόνος
1195 1934 1242 1996 καὶ
1269 1935 1302 1996 ἐν

365 2086 407 2162 τῷ
426 2079 555 2140 πτᾶσθιιι
571 2087 612 2164 τῷ
628 2077 717 2167 ῥοίζῳ
734 2077 907 2168 ἐγειρούσης
922 2076 1009 2142 αὐτὸν
1033 2074 1203 2152 ἐπεδείξατε
1229 2078 1300 2141 κατ’

364 2225 454 2299 αὐτῆς
466 2232 588 2288 τοιαῦτα
599 2229 732 2316 φάσκων.
751 2217 836 2302 Quis
852 2232 953 2314 negat
968 2217 1032 2288 hoc
1048 2217 1299 2288 imitamentum

365 2391 439 2440 esse
456 2365 571 2444 ,odarii
599 2367 690 2462 quod
714 2369 782 2460 jam
810 2367 960 2438 imitatus
994 2379 1045 2438 cst
1070 2365 1300 2461 SoplrroniuS,

363 2486 647 2614 quemadmodum
667 2539 769 2612 supra
783 2511 992 2587 inorruimus.

412 2664 627 2738 Constantini
642 2663 849 2760 granrmalici
868 2663 1033 2734 creticum
1049 2686 1183 2734 carmen
1202 2665 1302 2758 eujus

362 2819 498 2892 ὑπόθεσις
512 2817 545 2882 ἐν.
558 2813 708 2902 pelusiaca
719 2818 796 2890 τινος
813 2813 961 2902 οὶδομένης
979 2817 1008 2882 ἐν
1022 2820 1112 2908 γάμῳ
1128 2833 1196 2882 ΠΟΠ
1208 2811 1299 2881 mul-

363 2972 433 3029 tum
447 2956 561 3053 dispar
577 2953 750 3026 nonrmllis
775 2956 1087 3028 anacreonticorum
1111 2955 1300 3028 carminum

361 3105 455 3199 locis.
474 3103 579 3200 Major
593 3113 704 3174 autem
718 3100 902 3174 similitudo
919 3102 1008 3176 inter
1022 3101 1309 3174 Barbarinianam·

360 3246 926 3324 Anacreonticorurn-collectionem
942 3263 976 3322 et
990 3250 1174 3321 Palatinam
1193 3274 1201 3319 :
1219 3271 1298 3322 suc-

360 3367 582 3471 cerluntouim
596 3395 813 3495 Symposiaco
825 3396 964 3470 carmini
977 3401 1043 3496 περὶ
1058 3405 1177 3495 ὀνείρων
1187 3396 1299 3468 trede-

360 3547 519 3620 cimlituli
534 3547 725 3620 otlariorum
736 3570 811 3642 quac
827 3569 894 3620 non
905 3545 1013 3618 soliun
1028 3545 1222 3620 inPalatinai
1233 3547 1301 3617 lin.

360 3693 506 3790 tirologiai
520 3695 746 3790 reperiuntur.
759 3693 824 3766 Sed
843 3693 932 3766 idem
947 3693 1029 3765 ordo
1044 3707 1094 3766 cst
1108 3694 1141 3764 in
1154 3697 1296 3788 utrique
1390 3693 1396 3700 “

358 3841 497 3936 sylloge,
514 3843 541 3912 si
558 3841 758 3917 levissimam
775 3865 876 3912 urtam
898 3842 1119 3914 incitationem
1133 3839 1294 3936 excipias.
