3104 4958
339 623 379 672 llll
397 621 603 684 dll'l'lQlllThTE
621 621 783 672 Chllllllllllll
802 619 1113 677 aunenrudrluclttttt.
1159 627 1192 678 39
1274 585 1279 596 ¹

259 797 314 845 aas
335 769 454 846 cinnes
478 771 717 869 Stephanianae
739 767 900 846 editionis
922 795 983 870 pro
1005 773 1119 848 dubiis
1140 778 1191 848 vel

261 921 358 996 novis
375 921 560 1014 habuisset.

307 1070 376 1144 Nec
389 1081 501 1144 tamen
516 1068 676 1144 credibile
690 1069 904 1168 Stephanum
920 1072 968 1144 sic
983 1095 1102 1144 ausum
1117 1097 1193 1146 esse
1218 1159 1221 1166 ,

258 1221 331 1292 suis
346 1218 533 1316 equalibus
547 1219 687 1292 illudere
706 1231 744 1292 ut
762 1219 890 1292 diceret
903 1220 937 1292 in
954 1221 1194 1318 manuscriptis

258 1365 407 1462 antiquis
420 1387 457 1437 sc
469 1388 508 1438 ea
523 1364 694 1436 invenisse
709 1387 786 1460 quoe
801 1363 836 1438 in
849 1365 1095 1438 recentioribus
1109 1364 1193 1439 luis-

259 1527 347 1586 sent.
375 1513 482 1585 Nemo
510 1537 580 1584 non
607 1511 715 1584 nescit
742 1512 838 1586 illum
863 1511 922 1584 dih
953 1511 986 1584 in
1013 1512 1194 1586 Germanici

260 1673 503 1734 commoratum
523 1685 610 1734 esse.
634 1660 685 1732 lbi
704 1661 752 1734 uti
776 1660 887 1757 potuit
896 1659 1048 1734 Palatino
1063 1661 1190 1734 codice.

258 1812 331 1884 Jdm
342 1810 524 1909 probabilis
536 1811 705 1884 videbitur
717 1811 956 1907 conjectura,si
967 1812 1045 1908 quis
1058 1811 1195 1884 credere

261 1961 341 2034 volit
367 1961 564 2034 doctissimo
590 1962 675 2045 viro,
702 1961 873 2034 llulmanu
895 1959 1192 2058 Peerlkanp1qui

259 2109 381 2182 lihrnm
402 2111 671 2208 manuscriptum
689 2111 854 2208 Stephani
872 2111 1040 2209 reperisse
1058 2109 1121 2184 sibi
1143 2111 1192 2182 vi-

257 2258 369 2352 detur,
398 2257 574 2331 audiamus
595 2259 688 2332 illum
711 2285 720 2330 ε
749 2259 993 2356 «Stephanum
1016 2259 1105 2332 bonai
1124 2257 1192 2330 lide

262 2437 278 2473 n
294 2405 405 2504 egisse
419 2407 501 2478 mihi
518 2407 675 2504 apparuit
686 2407 744 2504 qui
763 2409 1032 2505 manuscriptum
1046 2407 1190 2480 viderim

261 2579 276 2616 ι
296 2575 337 2624 ex
352 2576 420 2648 quo
434 2575 529 2623 suam
551 2552 606 2624 ille
619 2551 803 2626 editionem
819 2553 976 2626 confecit.
997 2551 1070 2624 Hoc
1091 2555 1193 2648 operi

259 2699 497 2774 «nobilissimi
527 2700 685 2797 chperi
724 2725 766 2774 ex
795 2700 999 2774 bibliotheca
1030 2698 1192 2773 Leidensi

260 2845 462 2920 «utendum
490 2847 606 2918 habui.
641 2847 783 2920 Constat
814 2847 948 2946 paginis
976 2847 1045 2920 scre
1075 2847 1191 2932 llllll,

260 3023 275 3059 ι
295 2993 543 3091 formaquartai.
569 2995 608 3066 ln
621 2993 732 3068 fronte
747 2995 871 3093 legitur
885 2986 1085 3094 Ᾰνακρέοντος
1104 3002 1194 3071 Τηίου

262 3175 278 3212 «
294 3155 489 3240 συμποσιακά
501 3149 652 3240 ἠμϊαμὸια
665 3161 778 3240 κτῆμα,
795 3134 924 3244 llppc'non
936 3154 1099 3242 Στεφάνου.
1121 3142 1194 3214 llllc

261 3291 376 3364 «illuc
404 3292 539 3364 notulas
561 3315 641 3364 suas
667 3291 834 3389 adspersit
856 3290 992 3366 easdem
1018 3289 1087 3362 fere
1110 3311 1195 3386 quas

261 3467 276 3505 ‹
295 3443 412 3535 posted
425 3464 503 3512 cum
516 3439 661 3512 litterata
674 3438 809 3514 civitate
822 3437 1094 3512 communicavit.
1111 3434 1194 3508 Car-

259 3619 275 3656 «
294 3589 385 3662 mina
398 3611 506 3685 graeca
521 3587 690 3685 incipiunt
704 3587 746 3660 ab
758 3589 932 3685 ’ᾼνακρέων
946 3591 1020 3678 idolo
1033 3617 1085 3680 με.
1103 3584 1189 3656 lllne

293 3871 300 3900 ²
321 3873 381 3923 Nou.
397 3879 446 3924 aet.
463 3874 550 3924 acciet.
566 3871 662 3922 Rheno.
680 3871 791 3934 traject„
806 3871 826 3932 Ι,
840 3883 865 3934 p.
881 3869 939 3920 tet.
