3104 4958
466 590 644 646 arenauno
661 597 692 646 IN
711 599 812 651 BREVE
831 603 958 655 abacta.
1147 613 1177 663 8l
1237 569 1239 574 Ι

250 755 348 806 rreum
369 758 438 808 aron
461 741 569 812 arescit
586 747 685 838 quam
706 748 831 822 variare
856 765 960 826 metra
979 759 1180 834 excellerent
1512 761 1515 764 ¹
1545 733 1547 808 Ὗ

233 874 342 972 'grani
354 893 496 982 'veteres
516 898 624 982 poetae
644 904 681 962 ut
703 893 823 968 melibs
842 897 1024 974 redderent
1042 903 1179 980 intimos

245 1025 397 1102 allectus.
416 1029 607 1106 Pessundat
621 1049 738 1112 contra
748 1044 980 1138 antiquitatem
989 1025 1179 1127 Anacreon·

247 1171 387 1248 ticornm
401 1175 571 1254 fastidiosa
586 1183 783 1280 simplicitas
795 1211 895 1283 qnam
921 1195 1032 1288 quivis
1047 1221 1177 1294 agnos-

243 1333 308 1406 cet,
328 1324 356 1395 si
370 1326 470 1399 modb
482 1352 552 1400 rem
565 1333 727 1406 attentius
740 1335 953 1424 considerare
966 1343 1056 1416 velit.

292 1475 379 1550 Ante
390 1477 622 1554 Hermannum
638 1485 742 1558 multa
758 1501 830 1558 erat
844 1492 1016 1564 contentio
1033 1494 1076 1566 de
1098 1519 1177 1568 me-

242 1624 303 1694 tris
321 1629 632 1702 anacreontieorum
656 1657 664 1702 :
690 1633 843 1730 plerique
862 1638 1101 1714 existimabant
1121 1643 1174 1715 illa

241 1785 346 1844 metro
368 1771 510 1847 iambico
525 1779 711 1873 composita
731 1804 804 1853 esse
822 1807 831 1856 :
849 1783 909 1854 sed
932 1784 973 1856 ab
995 1787 1092 1860 initio
1112 1814 1173 1863 se-

239 1919 341 1990 cundi
358 1921 455 2017 pedis
476 1923 576 2020 longa
596 1924 774 2021 syllabam
796 1927 938 2004 iambico
957 1945 1063 2008 metro
1083 1937 1171 2012 into-

237 2060 382 2140 lerabilis
397 2075 460 2138 est.
481 2065 588 2140 Hodie
603 2066 673 2140 lere
685 2093 805 2144 omnes
820 2076 1038 2150 consentiunt
1053 2079 1087 2152 in
1105 2081 1170 2155 hoc

237 2209 386 2284 illaesae
407 2215 593 2312 composita
615 2216 768 2322 dimetris
789 2220 908 2293 ionicis
929 2227 949 2294 a
968 2226 1091 2298 minori
1114 2233 1167 2303 cni

234 2359 420 2455 saepissime
439 2362 588 2436 assuitur
607 2375 752 2438 metrum
775 2347 980 2442 trochaicum
999 2376 1167 2468 quemad-

233 2507 371 2580 modlrm
394 2509 428 2580 in
447 2475 568 2584 ionicis
590 2535 608 2582 a
630 2513 752 2586 minori
771 2515 822 2587 fit.
848 2517 926 2589 llaec
948 2519 975 2589 si
996 2519 1166 2592 credimus

231 2653 440 2740 Hermanno,
463 2669 544 2730 sunt
565 2659 876 2732 anacreonticarum
897 2674 1016 2746 metra,
1037 2663 1164 2762 ubique

229 2801 300 2874 lere
317 2801 432 2876 eadem
456 2829 465 2874 :
489 2803 579 2876 idem
602 2805 739 2902 quidem
757 2807 792 2878 in
813 2807 890 2880 odis
906 2807 1090 2906 Sophronii
1108 2809 1159 2886 fit.

226 2945 408 3019 Nonnullis
428 2949 739 3042 anacreontieorum
757 2951 888 3024 nullum
907 2954 995 3026 aliud
1016 2969 1160 3031 metrum

225 3095 293 3166 nisi
308 3107 385 3167 octo
401 3096 536 3192 syllabae
551 3099 771 3181 continuatae,
785 3123 853 3172 uon
872 3100 947 3172 sinc
964 3118 1104 3178 accentu
1125 3106 1159 3178 in

225 3239 425 3333 penultima,
438 3243 526 3312 sicul
541 3241 574 3312 in
588 3249 656 3314 ὃταν
669 3252 743 3314 πίνω
755 3251 804 3314 τὸν
815 3255 910 3328 οἵνον;
926 3245 1011 3318 adde
1023 3249 1158 3324 endem

224 3385 513 3481 frequentissimas
525 3387 777 3462 allitteratioues
786 3390 1047 3486 quibusveteres
1056 3401 1157 3490 graeei

222 3553 300 3601 cum
313 3529 492 3626 prudentia
505 3533 636 3602 summa
650 3527 845 3604 utebantur.

272 3677 440 3773 antiquus
463 3679 639 3750 Anacreon
669 3675 882 3772 sagacissime
907 3677 1094 3753 orationem
1121 3697 1156 3756 et

221 3848 378 3898 versuum
399 3827 515 3898 lormis
532 3827 643 3923 alligat
661 3840 694 3898 et
714 3827 823 3899 modis
840 3854 849 3898 ε
868 3830 951 3900 solet
970 3829 1039 3900 lere
1058 3855 1155 3903 eum·
