<?xml version="1.0" encoding="UTF-8"?>
<!DOCTYPE html PUBLIC "-//W3C//DTD XHTML 1.0 Transitional//EN"
    "http://www.w3.org/TR/xhtml1/DTD/xhtml1-transitional.dtd">
<html xmlns="http://www.w3.org/1999/xhtml" xml:lang="en" lang="en">
 <head>
  <title>
</title>
<meta http-equiv="Content-Type" content="text/html;charset=utf-8" />
  <meta name='ocr-system' content='tesseract 3.04.00' />
  <meta name='ocr-capabilities' content='ocr_page ocr_carea ocr_par ocr_line ocrx_word'/>
</head>
<body>
  <div class='ocr_page' id='page_1' title='image "./deaetatecarminu00coligoog_0095.png"; bbox 0 0 3104 4958; ppageno 0'>
   <div class='ocr_carea' id='block_1_1' title="bbox 393 623 1257 678">
    <p class='ocr_par' dir='ltr' id='par_1_1' title="bbox 393 623 1257 678">
     <span class='ocr_line' id='line_1_1' title="bbox 393 623 1257 678; baseline -0.005 -2"><span class='ocrx_word' id='word_1_1' title='bbox 393 627 424 676; x_wconf 77' lang='lat' dir='ltr'>tlt</span> <span class='ocrx_word' id='word_1_2' title='bbox 468 627 635 678; x_wconf 75' lang='lat' dir='ltr'>¹llSTllll‘l&#39;lC.</span> <span class='ocrx_word' id='word_1_3' title='bbox 656 628 695 678; x_wconf 83' lang='lat' dir='ltr'>ET</span> <span class='ocrx_word' id='word_1_4' title='bbox 714 627 981 678; x_wconf 74' lang='lat' dir='ltr'>(tnannattcontnt</span> <span class='ocrx_word' id='word_1_5' title='bbox 1001 623 1257 676; x_wconf 78' lang='lat' dir='ltr'>auennensontnt</span> 
     </span>
    </p>
   </div>
   <div class='ocr_carea' id='block_1_2' title="bbox 392 771 1346 2492">
    <p class='ocr_par' dir='ltr' id='par_1_2' title="bbox 392 771 1336 1022">
     <span class='ocr_line' id='line_1_2' title="bbox 392 771 1336 872; baseline -0.004 -26"><span class='ocrx_word' id='word_1_6' title='bbox 392 775 536 872; x_wconf 86' lang='lat' dir='ltr'>simplici</span> <span class='ocrx_word' id='word_1_7' title='bbox 552 791 589 850; x_wconf 93' lang='lat' dir='ltr'>ut</span> <span class='ocrx_word' id='word_1_8' title='bbox 603 789 795 849; x_wconf 88' lang='lat' dir='ltr'>mereantur</span> <span class='ocrx_word' id='word_1_9' title='bbox 813 775 885 848; x_wconf 89' lang='lat' dir='ltr'>illas</span> <span class='ocrx_word' id='word_1_10' title='bbox 905 775 1020 847; x_wconf 88' lang='lat' dir='ltr'>laudes</span> <span class='ocrx_word' id='word_1_11' title='bbox 1041 771 1166 869; x_wconf 83' lang='lat' dir='ltr'>quibus</span> <span class='ocrx_word' id='word_1_12' title='bbox 1181 772 1336 845; x_wconf 88' lang='lat' dir='ltr'>Hermo-</span> 
     </span>
     <span class='ocr_line' id='line_1_3' title="bbox 394 899 1129 1022; baseline -0.005 -25"><span class='ocrx_word' id='word_1_13' title='bbox 394 949 499 1021; x_wconf 83' lang='lat' dir='ltr'>genes</span> <span class='ocrx_word' id='word_1_14' title='bbox 515 925 585 998; x_wconf 90' lang='lat' dir='ltr'>Teii</span> <span class='ocrx_word' id='word_1_15' title='bbox 601 927 684 997; x_wconf 84' lang='lat' dir='ltr'>vatis</span> <span class='ocrx_word' id='word_1_16' title='bbox 696 932 834 1021; x_wconf 68' lang='grc' dir='ltr'>ἀφέλειαν</span> <span class='ocrx_word' id='word_1_17' title='bbox 849 899 1129 1022; x_wconf 86' lang='lat' dir='ltr'>prosequebatur.</span> 
     </span>
    </p>

    <p class='ocr_par' dir='ltr' id='par_1_3' title="bbox 397 1068 1341 1901">
     <span class='ocr_line' id='line_1_4' title="bbox 445 1068 1339 1168; baseline -0.009 -24"><span class='ocrx_word' id='word_1_18' title='bbox 445 1072 592 1156; x_wconf 76' lang='lat' dir='ltr'>Diutius,</span> <span class='ocrx_word' id='word_1_19' title='bbox 610 1073 637 1143; x_wconf 90' lang='lat' dir='ltr'>si</span> <span class='ocrx_word' id='word_1_20' title='bbox 653 1071 810 1156; x_wconf 72' lang='lat' dir='ltr'>liberetl,</span> <span class='ocrx_word' id='word_1_21' title='bbox 828 1095 1007 1168; x_wconf 84' lang='lat' dir='ltr'>possemus</span> <span class='ocrx_word' id='word_1_22' title='bbox 1021 1069 1141 1142; x_wconf 91' lang='lat' dir='ltr'>morari</span> <span class='ocrx_word' id='word_1_23' title='bbox 1158 1068 1192 1139; x_wconf 91' lang='lat' dir='ltr'>iu</span> <span class='ocrx_word' id='word_1_24' title='bbox 1210 1068 1339 1139; x_wconf 90' lang='lat' dir='ltr'>veteris</span> 
     </span>
     <span class='ocr_line' id='line_1_5' title="bbox 397 1215 1338 1317; baseline -0.006 -25"><span class='ocrx_word' id='word_1_25' title='bbox 397 1231 504 1317; x_wconf 90' lang='lat' dir='ltr'>poetae</span> <span class='ocrx_word' id='word_1_26' title='bbox 516 1219 707 1294; x_wconf 80' lang='lat' dir='ltr'>laudatione</span> <span class='ocrx_word' id='word_1_27' title='bbox 723 1220 904 1316; x_wconf 84' lang='lat' dir='ltr'>comparati</span> <span class='ocrx_word' id='word_1_28' title='bbox 918 1241 994 1290; x_wconf 90' lang='lat' dir='ltr'>cum</span> <span class='ocrx_word' id='word_1_29' title='bbox 1011 1215 1246 1290; x_wconf 76' lang='lat' dir='ltr'>imitatoribus.</span> <span class='ocrx_word' id='word_1_30' title='bbox 1266 1215 1338 1288; x_wconf 88' lang='lat' dir='ltr'>Sed</span> 
     </span>
     <span class='ocr_line' id='line_1_6' title="bbox 397 1363 1339 1462; baseline -0.003 -25"><span class='ocrx_word' id='word_1_31' title='bbox 397 1367 505 1462; x_wconf 89' lang='lat' dir='ltr'>quivis</span> <span class='ocrx_word' id='word_1_32' title='bbox 521 1365 636 1440; x_wconf 90' lang='lat' dir='ltr'>eadem</span> <span class='ocrx_word' id='word_1_33' title='bbox 659 1390 719 1462; x_wconf 92' lang='lat' dir='ltr'>per</span> <span class='ocrx_word' id='word_1_34' title='bbox 738 1389 774 1438; x_wconf 89' lang='lat' dir='ltr'>se</span> <span class='ocrx_word' id='word_1_35' title='bbox 794 1366 874 1438; x_wconf 91' lang='lat' dir='ltr'>satis</span> <span class='ocrx_word' id='word_1_36' title='bbox 898 1365 1059 1444; x_wconf 88' lang='lat' dir='ltr'>inveniet,</span> <span class='ocrx_word' id='word_1_37' title='bbox 1082 1363 1181 1435; x_wconf 80' lang='lat' dir='ltr'>modo</span> <span class='ocrx_word' id='word_1_38' title='bbox 1206 1367 1339 1434; x_wconf 76' lang='lat' dir='ltr'>attente</span> 
     </span>
     <span class='ocr_line' id='line_1_7' title="bbox 397 1510 1341 1610; baseline -0.007 -24"><span class='ocrx_word' id='word_1_39' title='bbox 397 1512 588 1586; x_wconf 88' lang='lat' dir='ltr'>testimonia</span> <span class='ocrx_word' id='word_1_40' title='bbox 620 1525 770 1582; x_wconf 91' lang='lat' dir='ltr'>veterum</span> <span class='ocrx_word' id='word_1_41' title='bbox 809 1510 1062 1606; x_wconf 80' lang='lat' dir='ltr'>fragmentaque</span> <span class='ocrx_word' id='word_1_42' title='bbox 1101 1521 1203 1610; x_wconf 84' lang='lat' dir='ltr'>ponat</span> <span class='ocrx_word' id='word_1_43' title='bbox 1238 1510 1341 1604; x_wconf 86' lang='lat' dir='ltr'>juxta</span> 
     </span>
     <span class='ocr_line' id='line_1_8' title="bbox 397 1657 1341 1754; baseline 0 -26"><span class='ocrx_word' id='word_1_44' title='bbox 397 1658 651 1730; x_wconf 70' lang='lat' dir='ltr'>anacreontica.</span> <span class='ocrx_word' id='word_1_45' title='bbox 681 1657 767 1729; x_wconf 86' lang='lat' dir='ltr'>Malo</span> <span class='ocrx_word' id='word_1_46' title='bbox 794 1657 897 1754; x_wconf 84' lang='lat' dir='ltr'>igitur</span> <span class='ocrx_word' id='word_1_47' title='bbox 919 1659 979 1729; x_wconf 88' lang='lat' dir='ltr'>alia</span> <span class='ocrx_word' id='word_1_48' title='bbox 1003 1657 1203 1754; x_wconf 88' lang='lat' dir='ltr'>depromere</span> <span class='ocrx_word' id='word_1_49' title='bbox 1227 1679 1341 1753; x_wconf 79' lang='lat' dir='ltr'>argu-</span> 
     </span>
     <span class='ocr_line' id='line_1_9' title="bbox 400 1777 1337 1901; baseline 0 -27"><span class='ocrx_word' id='word_1_50' title='bbox 400 1817 510 1876; x_wconf 89' lang='lat' dir='ltr'>menta</span> <span class='ocrx_word' id='word_1_51' title='bbox 527 1828 602 1901; x_wconf 80' lang='lat' dir='ltr'>quaa</span> <span class='ocrx_word' id='word_1_52' title='bbox 616 1817 731 1876; x_wconf 90' lang='lat' dir='ltr'>contra</span> <span class='ocrx_word' id='word_1_53' title='bbox 749 1803 982 1900; x_wconf 84' lang='lat' dir='ltr'>antiquitatem</span> <span class='ocrx_word' id='word_1_54' title='bbox 999 1777 1192 1890; x_wconf 87' lang='lat' dir='ltr'>odariornm</span> <span class='ocrx_word' id='word_1_55' title='bbox 1206 1805 1337 1882; x_wconf 89' lang='lat' dir='ltr'>valent.</span> 
     </span>
    </p>

    <p class='ocr_par' dir='ltr' id='par_1_4' title="bbox 401 1949 1346 2492">
     <span class='ocr_line' id='line_1_10' title="bbox 448 1949 1343 2048; baseline 0.002 -28"><span class='ocrx_word' id='word_1_56' title='bbox 448 1952 693 2022; x_wconf 74' lang='lat' dir='ltr'>Anacreontem</span> <span class='ocrx_word' id='word_1_57' title='bbox 708 1951 820 2022; x_wconf 76' lang='lat' dir='ltr'>lonica</span> <span class='ocrx_word' id='word_1_58' title='bbox 835 1949 975 2023; x_wconf 92' lang='lat' dir='ltr'>dialecto</span> <span class='ocrx_word' id='word_1_59' title='bbox 991 1973 1091 2024; x_wconf 90' lang='lat' dir='ltr'>usum</span> <span class='ocrx_word' id='word_1_60' title='bbox 1110 1975 1185 2024; x_wconf 90' lang='lat' dir='ltr'>esse</span> <span class='ocrx_word' id='word_1_61' title='bbox 1207 1951 1343 2048; x_wconf 93' lang='lat' dir='ltr'>proba-</span> 
     </span>
     <span class='ocr_line' id='line_1_11' title="bbox 403 2098 1343 2198; baseline 0.002 -26"><span class='ocrx_word' id='word_1_62' title='bbox 403 2099 467 2172; x_wconf 88' lang='lat' dir='ltr'>bile</span> <span class='ocrx_word' id='word_1_63' title='bbox 479 2111 530 2174; x_wconf 86' lang='lat' dir='ltr'>est</span> <span class='ocrx_word' id='word_1_64' title='bbox 544 2098 633 2196; x_wconf 81' lang='lat' dir='ltr'>quod</span> <span class='ocrx_word' id='word_1_65' title='bbox 649 2099 762 2172; x_wconf 76' lang='lat' dir='ltr'>louiea</span> <span class='ocrx_word' id='word_1_66' title='bbox 776 2100 908 2174; x_wconf 89' lang='lat' dir='ltr'>civitate</span> <span class='ocrx_word' id='word_1_67' title='bbox 928 2101 1094 2173; x_wconf 91' lang='lat' dir='ltr'>oriundus</span> <span class='ocrx_word' id='word_1_68' title='bbox 1119 2099 1186 2173; x_wconf 79' lang='lat' dir='ltr'>lere</span> <span class='ocrx_word' id='word_1_69' title='bbox 1202 2123 1343 2198; x_wconf 89' lang='lat' dir='ltr'>semper</span> 
     </span>
     <span class='ocr_line' id='line_1_12' title="bbox 403 2247 1337 2345; baseline 0.005 -29"><span class='ocrx_word' id='word_1_70' title='bbox 403 2248 436 2318; x_wconf 91' lang='lat' dir='ltr'>in</span> <span class='ocrx_word' id='word_1_71' title='bbox 451 2247 574 2320; x_wconf 89' lang='lat' dir='ltr'>lonicis</span> <span class='ocrx_word' id='word_1_72' title='bbox 589 2247 778 2320; x_wconf 83' lang='lat' dir='ltr'>civitatibus</span> <span class='ocrx_word' id='word_1_73' title='bbox 794 2248 862 2345; x_wconf 86' lang='lat' dir='ltr'>egit</span> <span class='ocrx_word' id='word_1_74' title='bbox 876 2247 981 2341; x_wconf 78' lang='lat' dir='ltr'>Sami,</span> <span class='ocrx_word' id='word_1_75' title='bbox 997 2248 1153 2332; x_wconf 79' lang='lat' dir='ltr'>Athenis,</span> <span class='ocrx_word' id='word_1_76' title='bbox 1177 2247 1337 2321; x_wconf 72' lang='lat' dir='ltr'>abdera.</span> 
     </span>
     <span class='ocr_line' id='line_1_13' title="bbox 401 2393 1346 2492; baseline 0.004 -26"><span class='ocrx_word' id='word_1_77' title='bbox 401 2393 498 2466; x_wconf 90' lang='lat' dir='ltr'>lllum</span> <span class='ocrx_word' id='word_1_78' title='bbox 516 2393 579 2466; x_wconf 87' lang='lat' dir='ltr'>Dio</span> <span class='ocrx_word' id='word_1_79' title='bbox 599 2393 863 2490; x_wconf 83' lang='lat' dir='ltr'>Cltrysostomus</span> <span class='ocrx_word' id='word_1_80' title='bbox 885 2394 1072 2492; x_wconf 83' lang='lat' dir='ltr'>Polluxque</span> <span class='ocrx_word' id='word_1_81' title='bbox 1098 2397 1346 2492; x_wconf 82' lang='lat' dir='ltr'>gratnmaticus.</span> 
     </span>
    </p>
   </div>
   <div class='ocr_carea' id='block_1_3' title="bbox 402 2543 1345 2642">
    <p class='ocr_par' dir='ltr' id='par_1_5' title="bbox 402 2543 1345 2642">
     <span class='ocr_line' id='line_1_14' title="bbox 402 2543 1345 2642; baseline 0.005 -29"><span class='ocrx_word' id='word_1_82' title='bbox 402 2543 521 2615; x_wconf 86' lang='lat' dir='ltr'>lenum</span> <span class='ocrx_word' id='word_1_83' title='bbox 536 2557 667 2639; x_wconf 88' lang='lat' dir='ltr'>poetam</span> <span class='ocrx_word' id='word_1_84' title='bbox 683 2553 803 2614; x_wconf 89' lang='lat' dir='ltr'>vocant</span> <span class='ocrx_word' id='word_1_85' title='bbox 816 2566 824 2613; x_wconf 94' lang='lat'>:</span> <span class='ocrx_word' id='word_1_86' title='bbox 838 2543 1004 2616; x_wconf 87' lang='lat' dir='ltr'>Maximus</span> <span class='ocrx_word' id='word_1_87' title='bbox 1015 2544 1137 2640; x_wconf 82' lang='lat' dir='ltr'>Tyrius</span> <span class='ocrx_word' id='word_1_88' title='bbox 1149 2543 1345 2642; x_wconf 87' lang='lat' dir='ltr'>Suidasque</span> 
     </span>
    </p>
   </div>
   <div class='ocr_carea' id='block_1_4' title="bbox 403 2689 1365 2786">
    <p class='ocr_par' dir='ltr' id='par_1_6' title="bbox 403 2689 1365 2786">
     <span class='ocr_line' id='line_1_15' title="bbox 403 2689 1365 2786; baseline 0.003 -25"><span class='ocrx_word' id='word_1_89' title='bbox 403 2689 570 2762; x_wconf 83' lang='lat' dir='ltr'>affirmant</span> <span class='ocrx_word' id='word_1_90' title='bbox 598 2689 818 2764; x_wconf 81' lang='lat' dir='ltr'>Anacreontis</span> <span class='ocrx_word' id='word_1_91' title='bbox 838 2691 1051 2764; x_wconf 92' lang='lat' dir='ltr'>lonismum:</span> <span class='ocrx_word' id='word_1_92' title='bbox 1081 2693 1179 2786; x_wconf 84' lang='lat' dir='ltr'>cujus</span> <span class='ocrx_word' id='word_1_93' title='bbox 1201 2691 1365 2786; x_wconf 79' lang='lat' dir='ltr'>quidem,</span> 
     </span>
    </p>
   </div>
   <div class='ocr_carea' id='block_1_5' title="bbox 393 2837 1347 3382">
    <p class='ocr_par' dir='ltr' id='par_1_7' title="bbox 403 2837 1049 2938">
     <span class='ocr_line' id='line_1_16' title="bbox 403 2837 1049 2938; baseline -0.005 -28"><span class='ocrx_word' id='word_1_94' title='bbox 403 2861 471 2911; x_wconf 83' lang='lat' dir='ltr'>iton</span> <span class='ocrx_word' id='word_1_95' title='bbox 488 2837 611 2911; x_wconf 89' lang='lat' dir='ltr'>desunt</span> <span class='ocrx_word' id='word_1_96' title='bbox 624 2839 776 2936; x_wconf 84' lang='lat' dir='ltr'>exempla</span> <span class='ocrx_word' id='word_1_97' title='bbox 790 2840 825 2912; x_wconf 91' lang='lat' dir='ltr'>in</span> <span class='ocrx_word' id='word_1_98' title='bbox 842 2840 1049 2938; x_wconf 79' lang='lat' dir='ltr'>fragmentis.</span> 
     </span>
    </p>

    <p class='ocr_par' dir='ltr' id='par_1_8' title="bbox 393 2985 1347 3382">
     <span class='ocr_line' id='line_1_17' title="bbox 454 2985 1346 3084; baseline 0.004 -29"><span class='ocrx_word' id='word_1_99' title='bbox 454 2985 642 3057; x_wconf 90' lang='lat' dir='ltr'>lmmutatae</span> <span class='ocrx_word' id='word_1_100' title='bbox 662 2999 743 3058; x_wconf 90' lang='lat' dir='ltr'>sunt</span> <span class='ocrx_word' id='word_1_101' title='bbox 767 2986 952 3084; x_wconf 80' lang='lat' dir='ltr'>saepissime</span> <span class='ocrx_word' id='word_1_102' title='bbox 981 2987 1113 3060; x_wconf 91' lang='lat' dir='ltr'>dialecti</span> <span class='ocrx_word' id='word_1_103' title='bbox 1140 2987 1174 3058; x_wconf 88' lang='lat' dir='ltr'>in</span> <span class='ocrx_word' id='word_1_104' title='bbox 1199 2985 1346 3059; x_wconf 89' lang='lat' dir='ltr'>diversis</span> 
     </span>
     <span class='ocr_line' id='line_1_18' title="bbox 393 3133 1345 3233; baseline 0.002 -27"><span class='ocrx_word' id='word_1_105' title='bbox 393 3133 557 3230; x_wconf 84' lang='lat' dir='ltr'>ejusdem</span> <span class='ocrx_word' id='word_1_106' title='bbox 583 3135 731 3232; x_wconf 86' lang='lat' dir='ltr'>regionis</span> <span class='ocrx_word' id='word_1_107' title='bbox 758 3135 911 3233; x_wconf 86' lang='lat' dir='ltr'>partibus</span> <span class='ocrx_word' id='word_1_108' title='bbox 947 3150 1004 3210; x_wconf 76' lang='lat' dir='ltr'>atat</span> <span class='ocrx_word' id='word_1_109' title='bbox 1031 3139 1130 3210; x_wconf 90' lang='lat' dir='ltr'>etiam</span> <span class='ocrx_word' id='word_1_110' title='bbox 1162 3137 1195 3206; x_wconf 95' lang='lat' dir='ltr'>in</span> <span class='ocrx_word' id='word_1_111' title='bbox 1222 3137 1345 3210; x_wconf 82' lang='lat' dir='ltr'>eadem</span> 
     </span>
     <span class='ocr_line' id='line_1_19' title="bbox 405 3282 1347 3382; baseline 0 -28"><span class='ocrx_word' id='word_1_112' title='bbox 405 3282 501 3375; x_wconf 81' lang='lat' dir='ltr'>urbe,</span> <span class='ocrx_word' id='word_1_113' title='bbox 517 3307 576 3356; x_wconf 91' lang='lat' dir='ltr'>sen</span> <span class='ocrx_word' id='word_1_114' title='bbox 589 3299 727 3382; x_wconf 90' lang='lat' dir='ltr'>propter</span> <span class='ocrx_word' id='word_1_115' title='bbox 741 3285 971 3357; x_wconf 89' lang='lat' dir='ltr'>institutorum</span> <span class='ocrx_word' id='word_1_116' title='bbox 987 3291 1044 3358; x_wconf 86' lang='lat' dir='ltr'>seu</span> <span class='ocrx_word' id='word_1_117' title='bbox 1057 3297 1196 3382; x_wconf 91' lang='lat' dir='ltr'>propter</span> <span class='ocrx_word' id='word_1_118' title='bbox 1210 3309 1347 3356; x_wconf 88' lang='lat' dir='ltr'>morum</span> 
     </span>
    </p>
   </div>
   <div class='ocr_carea' id='block_1_6' title="bbox 406 3432 1348 3530">
    <p class='ocr_par' dir='ltr' id='par_1_9' title="bbox 406 3432 1348 3530">
     <span class='ocr_line' id='line_1_20' title="bbox 406 3432 1348 3530; baseline 0.003 -25"><span class='ocrx_word' id='word_1_119' title='bbox 406 3432 645 3530; x_wconf 91' lang='lat' dir='ltr'>corruptelam.</span> <span class='ocrx_word' id='word_1_120' title='bbox 659 3432 715 3505; x_wconf 84' lang='lat' dir='ltr'>Sic</span> <span class='ocrx_word' id='word_1_121' title='bbox 729 3433 801 3530; x_wconf 88' lang='lat' dir='ltr'>ipsa</span> <span class='ocrx_word' id='word_1_122' title='bbox 814 3433 975 3506; x_wconf 79' lang='lat' dir='ltr'>dialectos</span> <span class='ocrx_word' id='word_1_123' title='bbox 990 3434 1102 3507; x_wconf 84' lang='lat' dir='ltr'>ionica</span> <span class='ocrx_word' id='word_1_124' title='bbox 1117 3433 1238 3505; x_wconf 88' lang='lat' dir='ltr'>multas</span> <span class='ocrx_word' id='word_1_125' title='bbox 1254 3435 1348 3508; x_wconf 86' lang='lat' dir='ltr'>vires</span> 
     </span>
    </p>
   </div>
   <div class='ocr_carea' id='block_1_7' title="bbox 409 3703 1351 3956">
    <p class='ocr_par' dir='ltr' id='par_1_10' title="bbox 409 3703 1351 3956">
     <span class='ocr_line' id='line_1_21' title="bbox 445 3703 1350 3770; baseline -0.002 -16"><span class='ocrx_word' id='word_1_126' title='bbox 445 3705 452 3734; x_wconf 87' lang='lat'>¹</span> <span class='ocrx_word' id='word_1_127' title='bbox 474 3707 533 3756; x_wconf 77' lang='lat' dir='ltr'>Vide</span> <span class='ocrx_word' id='word_1_128' title='bbox 548 3705 739 3764; x_wconf 77' lang='lat' dir='ltr'>Stiiute-Beute,</span> <span class='ocrx_word' id='word_1_129' title='bbox 754 3707 862 3758; x_wconf 76' lang='lat' dir='ltr'>Talrlrao</span> <span class='ocrx_word' id='word_1_130' title='bbox 872 3707 1012 3770; x_wconf 83' lang='lat' dir='ltr'>liistoriquc</span> <span class='ocrx_word' id='word_1_131' title='bbox 1026 3713 1052 3756; x_wconf 91' lang='lat' dir='ltr'>et</span> <span class='ocrx_word' id='word_1_132' title='bbox 1063 3707 1171 3769; x_wconf 81' lang='lat' dir='ltr'>critique</span> <span class='ocrx_word' id='word_1_133' title='bbox 1183 3705 1247 3756; x_wconf 89' lang='lat' dir='ltr'>dela</span> <span class='ocrx_word' id='word_1_134' title='bbox 1261 3703 1350 3766; x_wconf 80' lang='lat' dir='ltr'>poesie</span> 
     </span>
     <span class='ocr_line' id='line_1_22' title="bbox 409 3800 1351 3866; baseline 0 -16"><span class='ocrx_word' id='word_1_135' title='bbox 409 3801 541 3862; x_wconf 67' lang='lat' dir='ltr'>lraucaise,</span> <span class='ocrx_word' id='word_1_136' title='bbox 557 3802 670 3866; x_wconf 82' lang='lat' dir='ltr'>etrapitre</span> <span class='ocrx_word' id='word_1_137' title='bbox 683 3803 749 3852; x_wconf 90' lang='lat' dir='ltr'>intit.</span> <span class='ocrx_word' id='word_1_138' title='bbox 769 3802 897 3854; x_wconf 47' lang='lat' dir='ltr'>alma-reon</span> <span class='ocrx_word' id='word_1_139' title='bbox 912 3817 943 3852; x_wconf 90' lang='lat' dir='ltr'>au</span> <span class='ocrx_word' id='word_1_140' title='bbox 958 3804 1073 3853; x_wconf 76' lang='lat' dir='ltr'>seizieme</span> <span class='ocrx_word' id='word_1_141' title='bbox 1085 3802 1171 3860; x_wconf 79' lang='lat' dir='ltr'>siecle,</span> <span class='ocrx_word' id='word_1_142' title='bbox 1190 3800 1251 3850; x_wconf 77' lang='lat' dir='ltr'>odit</span> <span class='ocrx_word' id='word_1_143' title='bbox 1268 3800 1351 3850; x_wconf 73' lang='lat' dir='ltr'>ttlrar-</span> 
     </span>
     <span class='ocr_line' id='line_1_23' title="bbox 409 3895 692 3956; baseline 0.007 -15"><span class='ocrx_word' id='word_1_144' title='bbox 409 3895 518 3956; x_wconf 73' lang='lat' dir='ltr'>peritior,</span> <span class='ocrx_word' id='word_1_145' title='bbox 534 3895 591 3946; x_wconf 79' lang='lat' dir='ltr'>ttt.</span> <span class='ocrx_word' id='word_1_146' title='bbox 687 3935 692 3943; x_wconf 93' lang='lat'><em>.</em></span> 
     </span>
    </p>
   </div>
   <div class='ocr_carea' id='block_1_8' title="bbox 0 0 1572 4958">
    <p class='ocr_par' dir='ltr' id='par_1_11' title="bbox 0 0 1572 4958">
     <span class='ocr_line' id='line_1_24' title="bbox 0 0 1572 4958; baseline 0 0"><span class='ocrx_word' id='word_1_147' title='bbox 0 0 1572 4958; x_wconf 95' lang='lat' dir='ltr'> </span> 
     </span>
    </p>
   </div>
  </div>
 </body>
</html>
