3104 4958
318 609 358 656 llll
376 607 583 670 ttt'tlQUlTat‘tt
602 607 763 658 CAlllllNUll
783 605 1092 658 ,tutuuu'rtt'tcutlum
1138 607 1171 656 ts

240 754 390 827 codicem
414 753 498 828 vidit
519 755 816 852 transcripsitquc,
842 780 903 829 uec
929 755 1094 829 dubitavit
1117 758 1172 854 pie

240 899 385 973 urondax
399 899 616 974 doctissimus
628 902 678 972 vir
692 900 860 974 affirmare
874 926 910 974 se
925 927 1024 974 usum
1039 902 1173 976 duobus

239 1050 415 1124 codicibus
432 1061 470 1122 ut
484 1053 591 1147 major
602 1051 782 1124 auctoritas
799 1061 889 1124 esset
903 1049 1039 1123 odariis.
1059 1050 1174 1123 Caete-

239 1219 315 1268 mm
331 1209 463 1270 constat
482 1219 560 1270 cunr
577 1220 824 1294 nonnunquam
841 1197 1020 1293 gloriatum
1041 1221 1117 1270 esse
1139 1221 1175 1270 se

240 1344 275 1416 in
293 1343 467 1416 codicibus
485 1343 704 1418 recensendis
723 1356 822 1442 atque
836 1343 1058 1416 emendandis
1073 1343 1177 1440 adju-

240 1503 313 1562 tum
327 1513 403 1562 esse
415 1489 522 1586 copiis
534 1513 651 1562 eorum
663 1489 969 1587 manuscriptorum
982 1511 1068 1586 quos
1080 1513 1177 1561 nun-

240 1659 342 1732 quam
362 1637 435 1734 ipse
450 1635 602 1734 vidisset.

292 1784 391 1855 Nunc
405 1785 485 1856 vero
500 1783 673 1856 videamus
686 1809 762 1880 quac
783 1783 847 1856 lata
866 1784 1062 1881 exceperint
1075 1783 1177 1856 Pala-

245 1931 351 2002 tinam
366 1929 688 2004 Anacreonticorum
703 1931 946 2004 collectionem.
963 1931 1026 2002 Hic
1040 1953 1095 2002 me
1109 1953 1179 2001 non

242 2075 457 2148 mediocriter
480 2075 650 2172 adjuvabit
671 2076 773 2148 index
792 2077 973 2150 litterarius
991 2075 1179 2150 doctissimi

247 2223 427 2320 Lercsquii
444 2227 598 2321 jamnon
616 2225 719 2298 semel
735 2227 910 2299 memorati
926 2228 1040 2323 supr'a.
1063 2224 1180 2298 Codex

246 2372 337 2442 enim
363 2371 545 2446 Vaticanus
568 2386 646 2470 post
669 2374 801 2447 Italicos
824 2363 1019 2446 nostrorum
1044 2373 1180 2446 exerci-

249 2530 345 2588 tuum
374 2519 565 2616 triumphos
591 2521 625 2591 in
656 2533 806 2592 nostram
834 2520 927 2593 venit
954 2531 1189 2616 potestatems

248 2663 410 2762 illumque
428 2667 609 2778 descripsit
630 2691 814 2764 graecarum
836 2668 1022 2740 litterarum
1042 2659 1180 2738 studio—

248 2812 404 2884 sissimus
419 2813 599 2910 interpres.

298 2957 553 3057 Heidelbergam
583 2971 712 3057 captam
742 2983 831 3032 anno
860 2959 956 3032 tras
983 2984 1084 3033 nemo
1110 2985 1179 3033 nun

250 3106 370 3191 nescit,
396 3109 472 3178 cirm
506 3106 751 3180 famosissimus
775 3107 957 3204 imperator
975 3105 1095 3180 Tillius
1118 3130 1181 3204 pro

248 3256 335 3329 duce
361 3257 500 3330 Boiariae
532 3257 758 3330 llaximiliano
787 3279 877 3328 arma
906 3270 1051 3352 gereret.
1081 3255 1181 3326 Auno

249 3405 404 3502 sequenti
419 3403 510 3476 dono
528 3403 604 3476 data
622 3417 675 3476 est
691 3403 835 3474 maxima
849 3400 1068 3473 Bibliothccae
1080 3397 1182 3469 Pala-

250 3550 351 3622 tiuae¹
373 3575 451 3647 pars
465 3554 484 3623 a
498 3549 725 3624 Maximiliano
738 3573 871 3622 summo
887 3546 1039 3644 pontifici
1055 3545 1184 3642 Grego-

287 3788 295 3818 ¹
315 3790 386 3839 Frcd.
407 3789 535 3854 Syllrurgii
552 3790 683 3852 catalogus
702 3788 817 3837 codicum
837 3797 977 3849 grmcorum
996 3797 1056 3832 mss.
1077 3783 1138 3832 olim
1158 3783 1184 3831 in

251 3869 406 3922 Bibliotheca
420 3871 530 3922 Palatina
541 3867 931 3919 noncvutcantasserratomm.
941 3864 1003 3914 Vtile
1012 3863 1189 3928 simiatioucm
