3104 4958
625 406 637 440 Ι

340 651 372 700 56
591 649 755 699 DOGTORUM
773 650 1016 702 CONTROVERSlAE

343 799 421 872 Haec
435 787 599 895 B'ergkius
614 804 704 872 recte
720 799 967 872 animadvertit.
993 795 1097 872 Panlb
1122 797 1233 873 forsan
1256 804 1275 872 “a

343 969 421 1018 vero
440 945 583 1031 aberrat,
604 949 680 1017 cbm
702 946 816 1042 adjicit
835 945 964 1018 nullum
986 959 1136 1018 veterum
1155 945 1276 1042 lyrico-

342 1116 416 1164 rum
441 1093 646 1166 continuatis
666 1091 819 1164 dimetria
839 1091 1036 1165 catalecticis
1060 1115 1158 1164 usum
1175 1115 1273 1198 esse,

343 1239 400 1314 sed
427 1239 555 1336 primos
577 1237 823 1311 Alexandrinos
845 1240 909 1311 hoe
932 1251 1078 1336 systema
1099 1239 1279 1312 continua-

345 1386 446 1470 visse,
460 1385 541 1458 etin
555 1385 608 1456 his
626 1385 793 1458 Herodem
811 1385 1107 1484 lambographum
1125 1369 1175 1458 ob'
1186 1407 1278 1458 eam-

346 1557 411 1628 que
424 1555 558 1604 causam
571 1532 680 1627 rejicit
694 1531 762 1604 duo
775 1533 959 1608 versiculos
970 1532 1233 1630 Hephaestionis.

395 1677 467 1748 Hoc
485 1687 683 1771 argumento
704 1699 772 1748 non
794 1675 993 1750 refelluntur
1014 1643 1070 1772 qui
1092 1700 1128 1748 se
1149 1675 1281 1748 bristo-

349 1823 470 1920 phanis
481 1821 659 1893 scholiasta
671 1833 821 1896 tuentur.
836 1824 908 1920 Ego
921 1823 1061 1896 bosduo
1074 1848 1190 1896 versus
1203 1847 1282 1896 esse
1326 1800 1332 1806 ’

348 1973 425 2042 vere
437 1970 699 2044 Anacreonticcs
711 1969 850 2042 admitto
863 1995 871 2041 :
884 1972 945 2042 secl
959 1969 1031 2044 haec
1044 1993 1126 2066 rogo
1140 1995 1148 2041 ε
1163 1991 1282 2042 nonne

353 2113 630 2212 potuitsimitatcr
646 2137 736 2187 unus
754 2115 825 2188 baec
845 2114 946 2218 lunari
963 2125 1063 2211 atquc
1081 2137 1150 2186 suae
1173 2115 1279 2186 canti·

349 2259 433 2331 lenae
445 2257 614 2349 adserere,
629 2271 666 2330 ut
682 2262 758 2331 ver‘c
773 2257 819 2328 illi
833 2257 1053 2328 Anacreontis
1067 2255 1279 2340 sineremus,

351 2430 419 2478 non
438 2397 548 2482 autem
566 2408 639 2502 ejus
660 2405 825 2477 cantilena
844 2405 887 2478 sit
905 2406 959 2478 cui
977 2404 1078 2477 hodie
1098 2418 1285 2477 annectun-

351 2567 416 2624 tur.
436 2551 534 2638 Quod
550 2551 686 2646 quidam
701 2549 916 2624 manifestum
934 2551 1009 2635 erit,
1026 2552 1053 2622 si
1066 2551 1142 2646 quis
1160 2555 1284 2622 sensns

351 2697 632 2793 interruptionem
654 2721 785 2768 mecum
808 2696 1072 2770 animadvertere
1093 2697 1184 2780 velit,
1208 2721 1285 2794 quae

352 2841 487 2938 quidem
510 2839 649 2938 indigna
672 2843 802 2939 optimo
823 2848 920 2940 pocta
940 2842 1082 2914 videtur.
1108 2843 1159 2912 Au
1182 2843 1293 2938 igitur·

354 3011 506 3085 pugnare
526 2986 656 3060 volebat
677 2987 731 3060 illc
752 2989 808 3084 qui
825 2989 941 3059 vinum
965 2987 1174 3084 reposcebat,
1195 3000 1285 3060 etse

354 3135 520 3209 saltationi
535 3159 648 3231 parem
659 3157 733 3206 esse
745 3134 950 3207 autumabat.
965 3135 1006 3206 Hi
1015 3159 1134 3207 versus
1146 3134 1285 3206 omnini)

354 3281 721 3378 discrepantareliquo
733 3281 891 3354 carminis
904 3301 1019 3352 sensu..
1079 3314 1083 3321 ·

404 3429 470 3503 Sed
479 3455 522 3501 ne
534 3451 705 3500 moremur
716 3428 748 3500 in
762 3427 1016 3524 quaestiunculis
1029 3428 1140 3500 lorsan
1154 3427 1289 3498 tenuio-

357 3580 464 3663 ribus,
480 3579 541 3650 etsi
556 3578 699 3648 multbm
715 3575 754 3646 ad
774 3599 844 3647 rem
861 3587 1008 3648 nostram
1025 3574 1212 3656 conserant,
1234 3597 1291 3644 re-

357 3725 497 3796 deamus
509 3723 549 3794 ad
566 3723 745 3817 inemptam
760 3722 956 3792 orationem.

368 3876 370 3882 '
406 3872 451 3943 Ut
467 3869 568 3944 semel
585 3869 746 3940 Fisbcrus
761 3869 793 3940 iu
814 3867 1007 3964 praelatione
1026 3888 1149 3937 novum
1166 3863 1292 3935 criticis
