3104 4958
383 591 414 636 uo
461 586 628 638 t-tlsTtttl't‘ttl.
652 585 689 634 ll'l'
708 585 974 638 Gtttnlta't'tttutttut
993 585 1247 638 anuunent'oltuu

384 749 448 821 est,
480 736 535 808 ubi
559 760 630 808 eam
656 735 862 808 oll'endimns
887 737 919 806 in
942 735 1100 808 brevibus
1119 737 1329 810 carminibus

383 883 509 980 quibus
525 909 656 958 summa
674 886 791 958 nerito
806 887 1016 958 concinnitas
1032 885 1185 960 debetur.

435 1034 512 1108 Haec
526 1034 612 1106 mala
627 1033 762 1130 quidem
778 1033 990 1106 consuetudo
1002 1031 1243 1106 commiscendi
1254 1031 1329 1102 dia-

386 1179 491 1250 lectos
512 1177 661 1252 diversas
681 1190 757 1250 nata
779 1190 843 1263 est,
868 1181 946 1250 clim
965 1181 1032 1274 jam
1056 1178 1328 1278 unumquodque

386 1347 529 1423 poeseos
543 1347 654 1422 genus
668 1325 807 1422 patriam
822 1347 916 1396 suam
930 1339 1179 1421 transgressum
1194 1335 1258 1410 est,
1277 1325 1326 1397 ita

285 1559 294 1568 ‘
386 1487 424 1545 ut
443 1474 574 1546 dialecti
596 1473 800 1572 nonjamin
821 1498 879 1546 ore
898 1475 1089 1556 hominum,
1115 1474 1172 1546 sed
1193 1475 1226 1546 in
1249 1498 1326 1571 pu-

386 1620 484 1692 tridis
501 1621 639 1704 chartis,
658 1621 941 1717 quemadmodum
960 1623 1005 1694 ait
1023 1620 1211 1705 Jaeotsius,
1231 1621 1326 1692 deli-

389 1780 569 1842 teseerent.
598 1759 805 1842 lnd'c'iidem
831 1769 986 1841 homines
1006 1755 1149 1842 diversis
1173 1769 1206 1839 in
1231 1770 1325 1840 scri-

388 1913 499 1986 bendo
535 1914 685 1989 dialectis
716 1915 910 2002 utebantur,
946 1939 1169 2012 sonoramque
1199 1914 1326 1986 doricae

388 2060 519 2132 dialecti
535 2061 792 2158 amplitudinem
808 2064 927 2136 ionicis
943 2063 1059 2136 formis
1075 2060 1319 2134 admiscebant.

439 2194 534 2268 Adde
548 2195 637 2292 quod
658 2197 805 2269 carmina
820 2198 1001 2270 convivalia
1017 2200 1124 2296 magis
1140 2199 1239 2294 quam
1258 2197 1324 2267 alia

388 2341 545 2436 injuriam
561 2357 618 2414 aut
634 2342 810 2414 hominum
830 2354 886 2416 aut
902 2355 1092 2440 temporum
1108 2342 1175 2440 pati
1194 2339 1324 2416 debue-

388 2503 474 2562 rant.
491 2487 567 2562 Non
582 2489 625 2560 ita
643 2501 754 2562 tamen
771 2488 842 2560 haee
860 2489 1031 2561 excusatio
1046 2488 1133 2562 valet
1148 2500 1185 2560 ut
1198 2500 1321 2560 aucto-

388 2661 441 2710 res
456 2647 735 2711 anacreontorum
748 2637 858 2734 turpis
870 2637 1067 2734 ignorantiae
1081 2636 1220 2708 crimine
1232 2633 1324 2708 libe·

343 2754 345 2758 *
387 2795 522 2866 rentur,
552 2784 580 2854 si
607 2777 792 2880 praesertim
822 2787 896 2858 illos
926 2811 1101 2884 compares
1136 2809 1210 2858 cum
1239 2808 1322 2858 vero

388 2929 598 3002 Anacreonte
609 2932 667 3027 qui
687 2943 752 3004 tam
768 2931 912 3009 fideliter
926 2933 1044 3004 ionicae
1058 2931 1198 3006 dialecto
1211 2930 1322 3004 inhae-

388 3088 451 3159 ret,
469 3099 531 3148 nec
547 3077 711 3150 serviliter
727 3090 853 3163 tamen,
875 3092 912 3153 ut
928 3079 1032 3176 liquet
1050 3104 1090 3151 ex
1106 3078 1317 3176 fragmentis.

436 3221 585 3320 Longior
608 3237 641 3296 et
664 3226 796 3322 gravior
821 3227 926 3299 multo
947 3226 1137 3300 criticorum
1164 3221 1258 3297 labor
1284 3226 1318 3296 in

387 3366 502 3451 metris
523 3384 701 3443 versatur:
720 3372 799 3445 lrinc
818 3374 908 3445 enim
930 3374 1105 3448 diversitas
1122 3372 1320 3446 doctissima

350 3523 357 3544 ⁸
387 3527 589 3602 metrorum,
619 3519 697 3593 inde
722 3525 836 3594 contra
858 3522 1070 3594 uniformitas
1089 3519 1226 3593 barbara
1251 3521 1320 3593 illis

385 3676 582 3758 argumenta
599 3667 742 3762 plurima
757 3669 1070 3767 suppeditaverunt.

434 3807 572 3882 Summa
583 3813 673 3884 etrim
683 3825 751 3884 erat
766 3811 798 3884 in
814 3815 924 3912 priseo
934 3815 1143 3888 Arracreonte
1153 3812 1315 3886 varietas:
