3104 4958
366 605 397 653 'll
434 605 603 656 ,ttS'rflE'ltst
626 605 663 654 ΕΤ
682 603 948 656 uutttttn'rlmmun
967 603 1220 655 abduntubl'ottttrt

365 755 505 840 adsunt;
520 755 576 828 vix
589 755 693 828 semel
708 767 765 825 aut
779 753 830 826 bis
844 765 982 850 apparet
997 753 1141 848 Bathylli
1157 777 1301 836 nomem

366 906 398 976 in
407 907 602 978 universum
615 916 901 1000 repraesentantur
910 904 1004 1000 pueri
1015 903 1305 1001 amabilesaodpoug

367 1065 561 1156 suspende...
587 1063 773 1154 ἁπαλώτεροι
799 1065 955 1128 dodon..
982 1064 1089 1130 ἅπαλοι
1112 1061 1218 1146 παῖδες
1239 1082 1308 1128 110-

367 1172 456 1280 mine
473 1211 609 1306 proprio
625 1222 789 1282 carentes.

415 1363 452 1432 lu
469 1361 663 1434 universum
684 1385 818 1456 quoqne
841 1359 978 1432 leniiuae
997 1369 1025 1431 αἱ
1047 1377 1183 1454 γυναῖκες
1209 1386 1303 1431 nun-

366 1525 543 1608 cupantur.
571 1511 659 1584 Nulli
677 1536 775 1584 suum
793 1525 844 1582 est
860 1534 997 1591 nomen,
1015 1535 1056 1582 ne
1070 1525 1150 1582 tune
1164 1509 1303 1606 quidem

366 1663 442 1734 ebur
470 1686 564 1734 suam
594 1663 732 1734 amicam
757 1661 895 1757 depingi
923 1660 1033 1753 jubet,
1059 1673 1329 1754 enumeratque

366 1831 586 1904 quaecumque
601 1809 633 1880 in
648 1809 701 1880 itta
716 1808 861 1880 formosa
876 1807 955 1880 sint.

415 1957 480 2027 Pro
496 1957 610 2054 paneis
630 1957 693 2028 illis
708 1983 793 2054 quos
806 1957 979 2028 adarnabat
992 1957 1167 2028 Anacreon
1188 1955 1307 2050 pueris

367 2116 399 2173 et
428 2103 564 2198 puellis,
598 2102 852 2176 innumerabilis
878 2102 971 2174 adest
993 2102 1175 2174 amicarum
1203 2113 1307 2196 atque

367 2250 597 2322 ministrorum
625 2251 830 2324 multitudo:
860 2275 921 2347 pro
949 2251 1076 2323 ser-vido
1101 2251 1223 2322 amoris
1242 2273 1304 2320 ea-

368 2401 449 2483 lore,
469 2402 624 2497 petulans
650 2425 686 2473 ae
714 2401 830 2474 lestiva
852 2401 1010 2498 quaedam
1034 2404 1167 2474 lasa-iria
1185 2402 1310 2474 obver-

369 2559 460 2619 satur
475 2547 573 2622 uobis
596 2561 673 2621 ante
691 2549 807 2621 oeulos
821 2574 895 2644 quae
912 2551 1016 2646 magis
1029 2552 1044 2622 a
1059 2549 1197 2622 libidine
1214 2551 1324 2628 nasei,

370 2693 501 2767 ridetur
529 2719 629 2792 quam
655 2697 695 2768 ab
730 2698 841 2770 animo
877 2698 1095 2770 vehementer
1121 2713 1305 2770 commoto.

417 2841 643 2928 Quamobrem
671 2845 757 2917 sicut
787 2845 963 2944 ingeniose
992 2848 1182 2918 criticorum
1214 2873 1309 2919 unus

370 2991 614 3076 animadvertit,
647 2997 750 3066 amori
779 2995 833 3068 illo
860 2997 976 3091 juveni
1007 2997 1065 3091 qui
1099 2997 1132 3068 in
1164 2998 1309 3068 summis

371 3141 535 3212 montium
563 3144 794 3216 earuminibus
830 3144 1009 3229 insidebat,
1041 3147 1161 3242 eoique
1187 3171 1311 3219 omues

371 3284 662 3385 parebantDiiquo
684 3291 919 3387 hominesque,
938 3293 1099 3364 suecessit
1123 3317 1215 3364 artior
1237 3319 1308 3388 pu-

371 3435 474 3519 sillus,
499 3412 689 3521 dolorosus,
707 3463 807 3536 sptem
833 3437 948 3535 fatigat
969 3438 1089 3522 imber,
1114 3463 1213 3534 quem
1234 3440 1309 3536 apis

371 3584 506 3655 aculeus
520 3585 558 3655 ad
576 3585 737 3681 lacrymas
755 3589 856 3683 cogit.
880 3588 979 3658 Poeta
997 3587 1096 3658 deum
1119 3592 1134 3656 a
1152 3612 1188 3657 se
1206 3587 1306 3657 labri-

323 3824 326 3833 Α
371 3743 480 3800 ratum
498 3741 595 3826 atque
609 3732 652 3802 ita
669 3734 757 3802 mille
774 3733 917 3803 miseriis
929 3737 1088 3826 jactatum
1108 3733 1204 3804 ridet.

419 3879 514 3950 Nulla
526 3904 578 3952 res
590 3893 640 3954 est
652 3883 845 3978 quaipsuu
857 3893 965 3977 poetar
982 3881 1127 3954 declaret
1139 3881 1306 3952 animum:
